PokerStars Hand #3631815437: Hold'em No Limit ($0.10/$0.25)
Table '#1286' 6-max Seat #3 is the button
Seat 1: Lissa_Papaya ($61.23 in chips)
Seat 2: Jutta_Orange ($45.43 in chips)
Seat 3: Norman_Bilberry ($7.26 in chips)
Seat 4: Lewis_Bilberry ($48 in chips)
Seat 5: Hero ($25 in chips)
Seat 6: Aurore_Paprika ($7.07 in chips)
Lewis_Bilberry: posts small blind $0.10
Hero: posts big blind $0.25
*** HOLE CARDS ***
Dealt to Hero [Jd Th]
Lissa_Papaya: Leave(Auto)
Norman_Bilberry: Leave(Auto)
Aurore_Paprika: calls $0.25
Lissa_Papaya: folds
Jutta_Orange: calls $0.25
Norman_Bilberry: folds
Lewis_Bilberry: folds
Lewis_Bilberry: Leave(Auto)
Hero: checks
*** FLOP *** [Qd 5d 2s]
Hero: checks
Aurore_Paprika: bets $0.54
Hero: Leave(Auto)
Jutta_Orange: calls $0.54
Hero: folds
*** TURN *** [Qd 5d 2s] [Ah]
Aurore_Paprika: bets $1.88
Jutta_Orange: calls $1.88
*** RIVER *** [Qd 5d 2s Ah] [Jc]
Aurore_Paprika: bets $0.70
Jutta_Orange: raises $7.79 to $7.79
Aurore_Paprika: calls $3.70 and is all-in
*** SHOW DOWN ***
Jutta_Orange: shows [5c 5h] (three of a kind, Fives)
Aurore_Paprika: Mucks [8d Ad] (One pair)
Uncalled bet ($3.39) returned to Jutta_Orange
Jutta_Orange collected $13.77 from pot
*** SUMMARY ***
Total pot $13.77



PokerStars Hand #3631815791: Hold'em No Limit ($0.10/$0.25)
Table '#1286' 6-max Seat #2 is the button
Seat 1: Hero ($24.75 in chips)
Seat 2: Ta_Jalapeño ($39.85 in chips)
Seat 3: Melani_Yuzu ($25.10 in chips)
Seat 4: Milda_Soursop ($7.26 in chips)
Seat 5: Scott_Olive ($79.04 in chips)
Seat 6: Rashad_Ginger ($35.28 in chips)
Melani_Yuzu: posts small blind $0.10
Milda_Soursop: posts big blind $0.25
*** HOLE CARDS ***
Dealt to Hero [9h 6h]
Rashad_Ginger: Leave(Auto)
Milda_Soursop: Leave(Auto)
Scott_Olive: folds
Scott_Olive: Leave(Auto)
Rashad_Ginger: folds
Hero: raises $0.66 to $0.66
Ta_Jalapeño: calls $0.66
Melani_Yuzu: raises $2.79 to $2.89
Milda_Soursop: folds
Hero: folds
Hero: Leave(Auto)
Ta_Jalapeño: folds
Ta_Jalapeño: Leave(Auto)
Uncalled bet ($2.23) returned to Melani_Yuzu
Melani_Yuzu: doesn't show hand
Melani_Yuzu collected $2.23 from pot
*** SUMMARY ***
Total pot $2.23



PokerStars Hand #3631816075: Hold'em No Limit ($0.10/$0.25)
Table '#1286' 6-max Seat #1 is the button
Seat 1: Merna_Daikon ($38.11 in chips)
Seat 2: Hero ($24.09 in chips)
Seat 3: Von_Lemon ($25 in chips)
Seat 4: Nelia_Plantain ($39.19 in chips)
Seat 5: Sarina_Jujube ($59.93 in chips)
Seat 6: Eldora_Kale ($37.70 in chips)
Hero: posts small blind $0.10
Von_Lemon: posts big blind $0.25
*** HOLE CARDS ***
Dealt to Hero [2s Kc]
Sarina_Jujube: Leave(Auto)
Nelia_Plantain: folds
Nelia_Plantain: Leave(Auto)
Sarina_Jujube: folds
Merna_Daikon: Leave(Auto)
Hero: Leave(Auto)
Eldora_Kale: folds
Eldora_Kale: Leave(Auto)
Merna_Daikon: folds
Hero: folds
Von_Lemon: doesn't show hand
Uncalled bet ($0.25) returned to Von_Lemon
Von_Lemon collected $0.10 from pot
*** SUMMARY ***
Total pot $0.1



PokerStars Hand #3631816132: Hold'em No Limit ($0.10/$0.25)
Table '#1286' 6-max Seat #4 is the button
Seat 1: Morgan_Rutabaga ($30.71 in chips)
Seat 2: Janice_Cucumber ($9.91 in chips)
Seat 3: Hero ($23.99 in chips)
Seat 4: Ardell_Garlic ($6.91 in chips)
Seat 5: Tora_Cayenne ($25.10 in chips)
Seat 6: Cira_Mulberry ($30.57 in chips)
Tora_Cayenne: posts small blind $0.10
Cira_Mulberry: posts big blind $0.25
*** HOLE CARDS ***
Dealt to Hero [4c 6h]
Ardell_Garlic: Leave(Auto)
Hero: Leave(Auto)
Janice_Cucumber: Leave(Auto)
Morgan_Rutabaga: folds
Morgan_Rutabaga: Leave(Auto)
Janice_Cucumber: folds
Hero: folds
Ardell_Garlic: folds
Tora_Cayenne: folds
Cira_Mulberry: doesn't show hand
Uncalled bet ($0.25) returned to Cira_Mulberry
Cira_Mulberry collected $0.10 from pot
*** SUMMARY ***
Total pot $0.10
Seat 1: Morgan_Rutabaga mucked [Qs 8s]
Seat 2: Janice_Cucumber showed [Ks 3d] and lost
Seat 3: Hero showed [4c 6h] and lost
Seat 4: Ardell_Garlic (button) showed [Ts 4h] and lost
Seat 5: Tora_Cayenne (small blind) mucked [2c 6d]
Seat 6: Cira_Mulberry (big blind) showed [6c 3c] and won ($0.10)



PokerStars Hand #3631816201: Hold'em No Limit ($0.10/$0.25)
Table '#1286' 6-max Seat #5 is the button
Seat 1: Paul_Figs ($12.50 in chips)
Seat 2: Loise_Jalapeño ($47.90 in chips)
Seat 3: Hero ($23.99 in chips)
Seat 4: Malka_Onions ($20.83 in chips)
Seat 5: Gerry_Lentils ($29.92 in chips)
Seat 6: Marin_Tat Soi ($114.93 in chips)
Marin_Tat Soi: posts small blind $0.10
Paul_Figs: posts big blind $0.25
*** HOLE CARDS ***
Dealt to Hero [4s 7s]
Gerry_Lentils: Leave(Auto)
Marin_Tat Soi: Leave(Auto)
Loise_Jalapeño: raises $0.57 to $0.57
Malka_Onions: Leave(Auto)
Hero: folds
Hero: Leave(Auto)
Malka_Onions: folds
Gerry_Lentils: folds
Marin_Tat Soi: folds
Paul_Figs: calls $0.32
*** FLOP *** [Jc Ts 3s]
Paul_Figs: checks
Loise_Jalapeño: bets $0.96
Paul_Figs: folds
Paul_Figs: Leave(Auto)
Uncalled bet ($0.96) returned to Loise_Jalapeño
Loise_Jalapeño: doesn't show hand
Loise_Jalapeño collected $1.18 from pot
*** SUMMARY ***
Total pot $1.18



PokerStars Hand #3631816249: Hold'em No Limit ($0.10/$0.25)
Table '#1286' 6-max Seat #5 is the button
Seat 1: Hero ($23.99 in chips)
Seat 2: George_Grapes ($36.53 in chips)
Seat 3: Meggan_Peach ($10.26 in chips)
Seat 4: Ettie_Beans ($66.95 in chips)
Seat 5: Jason_Fennel ($11.38 in chips)
Seat 6: Adena_Satsuma ($38.21 in chips)
Adena_Satsuma: posts small blind $0.10
Hero: posts big blind $0.25
*** HOLE CARDS ***
Dealt to Hero [4h 2c]
George_Grapes: folds
George_Grapes: Leave(Auto)
Ettie_Beans: Leave(Auto)
Jason_Fennel: Leave(Auto)
Meggan_Peach: calls $0.25
Ettie_Beans: folds
Jason_Fennel: folds
Adena_Satsuma: folds
Adena_Satsuma: Leave(Auto)
Hero: checks
*** FLOP *** [9h 6d 6h]
Hero: checks
Meggan_Peach: checks
*** TURN *** [9h 6d 6h] [2h]
Hero: checks
Meggan_Peach: checks
*** RIVER *** [9h 6d 6h 2h] [Jh]
Hero: checks
Meggan_Peach: checks
*** SHOW DOWN ***
Hero: shows null (a flush, Jack high)
Meggan_Peach: Mucks [As Qs] (One pair)
Hero collected $0.57 from pot
*** SUMMARY ***
Total pot $0.57



PokerStars Hand #3631816556: Hold'em No Limit ($0.10/$0.25)
Table '#1286' 6-max Seat #5 is the button
Seat 1: Neil_Fennel ($30.67 in chips)
Seat 2: Josefa_Soy ($4.95 in chips)
Seat 3: Sallie_Beets ($56.44 in chips)
Seat 4: Rosio_Skirret ($32.46 in chips)
Seat 5: Colton_Pumpkins ($76.14 in chips)
Seat 6: Hero ($24.31 in chips)
Hero: posts small blind $0.10
Neil_Fennel: posts big blind $0.25
*** HOLE CARDS ***
Dealt to Hero [7d 9d]
Sallie_Beets: Leave(Auto)
Colton_Pumpkins: Leave(Auto)
Josefa_Soy: bets $4.95 and is all-in
Sallie_Beets: folds
Hero: Leave(Auto)
Rosio_Skirret: folds
Rosio_Skirret: Leave(Auto)
Colton_Pumpkins: folds
Hero: folds
Neil_Fennel: folds
Neil_Fennel: Leave(Auto)
Uncalled bet ($4.70) returned to Josefa_Soy
Josefa_Soy: doesn't show hand
Josefa_Soy collected $0.60 from pot
*** SUMMARY ***
Total pot $0.6



PokerStars Hand #3631816637: Hold'em No Limit ($0.10/$0.25)
Table '#1286' 6-max Seat #6 is the button
Seat 1: Hero ($24.21 in chips)
Seat 2: Clay_Jalapeño ($24.80 in chips)
Seat 3: Kandy_Quince ($114.48 in chips)
Seat 4: Layla_Apricots ($47.15 in chips)
Seat 5: Tiera_Plantain ($32.46 in chips)
Seat 6: Jere_Bananas ($24.75 in chips)
Hero: posts small blind $0.10
Clay_Jalapeño: posts big blind $0.25
*** HOLE CARDS ***
Dealt to Hero [Qd Qh]
Kandy_Quince: folds
Kandy_Quince: Leave(Auto)
Layla_Apricots: folds
Layla_Apricots: Leave(Auto)
Tiera_Plantain: folds
Tiera_Plantain: Leave(Auto)
Jere_Bananas: raises $0.75 to $0.75
Hero: raises $2.34 to $2.44
Clay_Jalapeño: folds
Clay_Jalapeño: Leave(Auto)
Jere_Bananas: folds
Jere_Bananas: Leave(Auto)
Uncalled bet ($1.69) returned to Hero
Hero: doesn't show hand
Hero collected $1.75 from pot
*** SUMMARY ***
Total pot $1.75



PokerStars Hand #3631817087: Hold'em No Limit ($0.10/$0.25)
Table '#1286' 6-max Seat #6 is the button
Seat 1: Hero ($25.21 in chips)
Seat 2: Diedre_Parsley ($30.84 in chips)
Seat 3: Larae_Parsley ($39.03 in chips)
Seat 4: Lulu_Tubers ($62.96 in chips)
Seat 5: Nelle_Avocados ($76.24 in chips)
Seat 6: Joelle_Salak ($24.65 in chips)
Hero: posts small blind $0.10
Diedre_Parsley: posts big blind $0.25
*** HOLE CARDS ***
Dealt to Hero [3s 8s]
Nelle_Avocados: Leave(Auto)
Lulu_Tubers: Leave(Auto)
Larae_Parsley: folds
Larae_Parsley: Leave(Auto)
Lulu_Tubers: folds
Nelle_Avocados: folds
Joelle_Salak: raises $0.50 to $0.50
Hero: folds
Hero: Leave(Auto)
Diedre_Parsley: calls $0.25
*** FLOP *** [Kc Qs Ac]
Diedre_Parsley: checks
Joelle_Salak: checks
*** TURN *** [Kc Qs Ac] [5d]
Diedre_Parsley: checks
Joelle_Salak: checks
*** RIVER *** [Kc Qs Ac 5d] [Ts]
Diedre_Parsley: checks
Joelle_Salak: checks
*** SHOW DOWN ***
Diedre_Parsley: shows [4s 6s] (high card Ace)
Joelle_Salak: shows [7s 7c] (a pair of Sevens)
Joelle_Salak collected $1.05 from pot
*** SUMMARY ***
Total pot $1.05



PokerStars Hand #3631817265: Hold'em No Limit ($0.10/$0.25)
Table '#1286' 6-max Seat #1 is the button
Seat 1: Nicki_Pinto ($57.25 in chips)
Seat 2: Hero ($25.11 in chips)
Seat 3: Danna_Lettuce ($5.81 in chips)
Seat 4: Madlyn_Ugli ($75.99 in chips)
Seat 5: Davina_Cucumber ($26.02 in chips)
Seat 6: Lexie_Bilberry ($65.60 in chips)
Hero: posts small blind $0.10
Danna_Lettuce: posts big blind $0.25
*** HOLE CARDS ***
Dealt to Hero [Ac 7c]
Madlyn_Ugli: folds
Madlyn_Ugli: Leave(Auto)
Davina_Cucumber: folds
Davina_Cucumber: Leave(Auto)
Lexie_Bilberry: folds
Lexie_Bilberry: Leave(Auto)
Nicki_Pinto: raises $0.75 to $0.75
Hero: raises $2.34 to $2.44
Danna_Lettuce: folds
Danna_Lettuce: Leave(Auto)
Nicki_Pinto: folds
Nicki_Pinto: Leave(Auto)
Uncalled bet ($1.69) returned to Hero
Hero: doesn't show hand
Hero collected $1.75 from pot
*** SUMMARY ***
Total pot $1.75



PokerStars Hand #3631817584: Hold'em No Limit ($0.10/$0.25)
Table '#1286' 6-max Seat #1 is the button
Seat 1: Hero ($26.11 in chips)
Seat 2: Al_Mango ($40.67 in chips)
Seat 3: Vern_Bananas ($34.15 in chips)
Seat 4: Enid_Lemon ($1.72 in chips)
Seat 5: Tracee_Bilberry ($11.45 in chips)
Seat 6: Elayne_Carrots ($38.42 in chips)
Al_Mango: posts small blind $0.10
Vern_Bananas: posts big blind $0.25
*** HOLE CARDS ***
Dealt to Hero [5c Qd]
Al_Mango: Leave(Auto)
Hero: Leave(Auto)
Elayne_Carrots: Leave(Auto)
Vern_Bananas: Leave(Auto)
Enid_Lemon: folds
Enid_Lemon: Leave(Auto)
Tracee_Bilberry: raises $0.50 to $0.50
Elayne_Carrots: folds
Hero: folds
Al_Mango: folds
Vern_Bananas: folds
Uncalled bet ($0.25) returned to Tracee_Bilberry
Tracee_Bilberry: doesn't show hand
Tracee_Bilberry collected $0.60 from pot
*** SUMMARY ***
Total pot $0.6



PokerStars Hand #3631817623: Hold'em No Limit ($0.10/$0.25)
Table '#1286' 6-max Seat #2 is the button
Seat 1: Apryl_Chili ($40.57 in chips)
Seat 2: Yon_Rambutan ($27.63 in chips)
Seat 3: Yung_Arugula ($14.05 in chips)
Seat 4: Hero ($26.11 in chips)
Seat 5: Dennis_Soy ($38.42 in chips)
Seat 6: Melodi_Tubers ($89.52 in chips)
Yung_Arugula: posts small blind $0.10
Hero: posts big blind $0.25
*** HOLE CARDS ***
Dealt to Hero [Js Ac]
Melodi_Tubers: Leave(Auto)
Apryl_Chili: Leave(Auto)
Yon_Rambutan: Leave(Auto)
Dennis_Soy: folds
Melodi_Tubers: folds
Apryl_Chili: folds
Yon_Rambutan: folds
Dennis_Soy: Seat re-join
Dennis_Soy: Leave(Auto)
Yung_Arugula: raises $0.40 to $0.50
Hero: raises $1.25 to $1.50
Yung_Arugula: folds
Yung_Arugula: Leave(Auto)
Uncalled bet ($1) returned to Hero
Hero: doesn't show hand
Hero collected $1 from pot
*** SUMMARY ***
Total pot $1.0



PokerStars Hand #3631818063: Hold'em No Limit ($0.10/$0.25)
Table '#1286' 6-max Seat #5 is the button
Seat 1: Jenni_Apricots ($94.29 in chips)
Seat 2: Olivia_Potatos ($13.02 in chips)
Seat 3: Maira_Avocados ($52.81 in chips)
Seat 4: Arla_Coconuts ($55.07 in chips)
Seat 5: Hero ($26.61 in chips)
Seat 6: Buford_Skirret ($11.45 in chips)
Buford_Skirret: posts small blind $0.10
Jenni_Apricots: posts big blind $0.25
*** HOLE CARDS ***
Dealt to Hero [3s Ks]
Maira_Avocados: Leave(Auto)
Olivia_Potatos: calls $0.25
Maira_Avocados: folds
Arla_Coconuts: raises $0.75 to $0.75
Hero: folds
Hero: Leave(Auto)
Buford_Skirret: folds
Buford_Skirret: Leave(Auto)
Jenni_Apricots: folds
Jenni_Apricots: Leave(Auto)
Olivia_Potatos: calls $0.50
*** FLOP *** [Js 7c 2s]
Olivia_Potatos: checks
Arla_Coconuts: checks
*** TURN *** [Js 7c 2s] [8d]
Olivia_Potatos: bets $0.75
Arla_Coconuts: calls $0.75
*** RIVER *** [Js 7c 2s 8d] [5h]
Olivia_Potatos: bets $1.67
Arla_Coconuts: folds
Arla_Coconuts: Leave(Auto)
Uncalled bet ($1.67) returned to Olivia_Potatos
Olivia_Potatos: doesn't show hand
Olivia_Potatos collected $3.19 from pot
*** SUMMARY ***
Total pot $3.19



PokerStars Hand #3631818167: Hold'em No Limit ($0.10/$0.25)
Table '#1286' 6-max Seat #5 is the button
Seat 1: Karren_Ugli ($24.30 in chips)
Seat 2: Gail_Daikon ($24.35 in chips)
Seat 3: Nevada_Goji ($44.24 in chips)
Seat 4: Albert_Quinoa ($72.74 in chips)
Seat 5: Edie_Fennel ($14.66 in chips)
Seat 6: Hero ($26.61 in chips)
Hero: posts small blind $0.10
Karren_Ugli: posts big blind $0.25
*** HOLE CARDS ***
Dealt to Hero [8d Ac]
Edie_Fennel: Leave(Auto)
Gail_Daikon: folds
Gail_Daikon: Leave(Auto)
Nevada_Goji: calls $0.25
Albert_Quinoa: folds
Albert_Quinoa: Leave(Auto)
Edie_Fennel: folds
Hero: calls $0.15
Karren_Ugli: checks
*** FLOP *** [2c 3d 5h]
Hero: checks
Karren_Ugli: checks
Nevada_Goji: checks
*** TURN *** [2c 3d 5h] [3s]
Hero: checks
Karren_Ugli: checks
Nevada_Goji: checks
*** RIVER *** [2c 3d 5h 3s] [3h]
Hero: checks
Karren_Ugli: bets $0.25
Nevada_Goji: folds
Nevada_Goji: Leave(Auto)
Hero: calls $0.25
*** SHOW DOWN ***
Karren_Ugli: shows [5d Kd] (a full house, Threes full of Fives)
Hero: Mucks [8d Ac] (Three of a kind)
Karren_Ugli collected $1.19 from pot
*** SUMMARY ***
Total pot $1.25 | Rake $0.06
Board [2c 3d 5h 3s 3h]
Seat 1: Karren_Ugli (big blind) showed [5d Kd] and won ($1.19) with a full house, Threes full of Fives
Seat 2: Gail_Daikon mucked [4s Ks]
Seat 3: Nevada_Goji mucked [8c 9c]
Seat 4: Albert_Quinoa mucked [7d Ah]
Seat 5: Edie_Fennel (button) mucked
Seat 6: Hero (small blind) mucked null



PokerStars Hand #3631818561: Hold'em No Limit ($0.10/$0.25)
Table '#1286' 6-max Seat #6 is the button
Seat 1: Andrew_Grapes ($50.58 in chips)
Seat 2: Vella_Soursop ($34.09 in chips)
Seat 3: Alan_Squash ($24.99 in chips)
Seat 4: Hero ($26.11 in chips)
Seat 5: Ione_Onions ($6.25 in chips)
Seat 6: Anja_Spinach ($11.30 in chips)
Andrew_Grapes: posts small blind $0.10
Vella_Soursop: posts big blind $0.25
*** HOLE CARDS ***
Dealt to Hero [9c Js]
Ione_Onions: Leave(Auto)
Andrew_Grapes: Leave(Auto)
Alan_Squash: folds
Alan_Squash: Leave(Auto)
Hero: folds
Hero: Leave(Auto)
Ione_Onions: folds
Anja_Spinach: calls $0.25
Andrew_Grapes: folds
Vella_Soursop: checks
*** FLOP *** [Tc Qs 5d]
Vella_Soursop: checks
Anja_Spinach: checks
*** TURN *** [Tc Qs 5d] [9d]
Vella_Soursop: bets $0.60
Anja_Spinach: calls $0.60
*** RIVER *** [Tc Qs 5d 9d] [8s]
Vella_Soursop: checks
Anja_Spinach: checks
*** SHOW DOWN ***
Vella_Soursop: shows [9s As] (a pair of Nines)
Anja_Spinach: shows [Td Ah] (a pair of Tens)
Anja_Spinach collected $1.71 from pot
*** SUMMARY ***
Total pot $1.71



PokerStars Hand #3631818626: Hold'em No Limit ($0.10/$0.25)
Table '#1286' 6-max Seat #1 is the button
Seat 1: Rufina_Parnsip ($26.35 in chips)
Seat 2: Hero ($26.11 in chips)
Seat 3: Caroll_Carrots ($23.60 in chips)
Seat 4: Melvin_Orange ($7.37 in chips)
Seat 5: Elodia_Lemon ($37.27 in chips)
Seat 6: Laura_Coconuts ($30.86 in chips)
Hero: posts small blind $0.10
Caroll_Carrots: posts big blind $0.25
*** HOLE CARDS ***
Dealt to Hero [5h 3d]
Melvin_Orange: folds
Melvin_Orange: Leave(Auto)
Laura_Coconuts: Leave(Auto)
Hero: Leave(Auto)
Elodia_Lemon: raises $0.75 to $0.75
Laura_Coconuts: folds
Rufina_Parnsip: folds
Rufina_Parnsip: Leave(Auto)
Hero: folds
Caroll_Carrots: calls $0.50
*** FLOP *** [Js 5d 6d]
Caroll_Carrots: checks
Elodia_Lemon: checks
*** TURN *** [Js 5d 6d] [Td]
Caroll_Carrots: checks
Elodia_Lemon: bets $0.80
Caroll_Carrots: folds
Caroll_Carrots: Leave(Auto)
Uncalled bet ($0.80) returned to Elodia_Lemon
Elodia_Lemon: doesn't show hand
Elodia_Lemon collected $1.52 from pot
*** SUMMARY ***
Total pot $1.52



PokerStars Hand #3631818676: Hold'em No Limit ($0.10/$0.25)
Table '#1286' 6-max Seat #3 is the button
Seat 1: Shayna_Rambutan ($79.78 in chips)
Seat 2: Kizzie_Apples ($58.68 in chips)
Seat 3: Tisha_Apricots ($27.52 in chips)
Seat 4: Hero ($26.01 in chips)
Seat 5: Kia_Skirret ($32.19 in chips)
Seat 6: Shay_Lentils ($24.70 in chips)
Hero: posts small blind $0.10
Kia_Skirret: posts big blind $0.25
*** HOLE CARDS ***
Dealt to Hero [Td Jd]
Kizzie_Apples: Leave(Auto)
Kia_Skirret: Leave(Auto)
Shay_Lentils: folds
Shay_Lentils: Leave(Auto)
Shayna_Rambutan: calls $0.25
Kizzie_Apples: folds
Tisha_Apricots: folds
Tisha_Apricots: Leave(Auto)
Hero: raises $0.78 to $0.88
Kia_Skirret: folds
Shayna_Rambutan: calls $0.63
*** FLOP *** [2s 5c 9d]
Hero: bets $1.11
Shayna_Rambutan: raises $2.22 to $2.22
Hero: calls $1.11
*** TURN *** [2s 5c 9d] [3c]
Hero: checks
Shayna_Rambutan: bets $6.45
Hero: folds
Hero: Leave(Auto)
Uncalled bet ($6.45) returned to Shayna_Rambutan
Shayna_Rambutan: doesn't show hand
Shayna_Rambutan collected $6.13 from pot
*** SUMMARY ***
Total pot $6.13



PokerStars Hand #3631819257: Hold'em No Limit ($0.10/$0.25)
Table '#1286' 6-max Seat #6 is the button
Seat 1: Hero ($22.91 in chips)
Seat 2: Tula_Apples ($40.63 in chips)
Seat 3: Karl_Olive ($53.67 in chips)
Seat 4: Elvie_Onions ($24.90 in chips)
Seat 5: Pearle_Apricots ($62.64 in chips)
Seat 6: Jimmie_Onions ($27.96 in chips)
Hero: posts small blind $0.10
Tula_Apples: posts big blind $0.25
*** HOLE CARDS ***
Dealt to Hero [Kc 6h]
Elvie_Onions: Leave(Auto)
Karl_Olive: folds
Karl_Olive: Leave(Auto)
Elvie_Onions: folds
Pearle_Apricots: raises $0.57 to $0.57
Hero: Leave(Auto)
Jimmie_Onions: folds
Jimmie_Onions: Leave(Auto)
Hero: folds
Tula_Apples: folds
Tula_Apples: Leave(Auto)
Uncalled bet ($0.32) returned to Pearle_Apricots
Pearle_Apricots: doesn't show hand
Pearle_Apricots collected $0.60 from pot
*** SUMMARY ***
Total pot $0.60
Seat 1: Hero (small blind) showed [Kc 6h] and lost
Seat 2: Tula_Apples (big blind) mucked [Jc 2s]
Seat 3: Karl_Olive mucked [3s Jd]
Seat 4: Elvie_Onions showed [3c Td] and lost
Seat 5: Pearle_Apricots showed [8c As] and won ($0.60)
Seat 6: Jimmie_Onions (button) mucked [6d Kd]



PokerStars Hand #3631819337: Hold'em No Limit ($0.10/$0.25)
Table '#1286' 6-max Seat #6 is the button
Seat 1: Hayley_Rhubarb ($39.85 in chips)
Seat 2: Hero ($22.81 in chips)
Seat 3: Shin_Chives ($39.06 in chips)
Seat 4: Karina_Radish ($10.66 in chips)
Seat 5: Chris_Tat Soi ($58.07 in chips)
Seat 6: Marisa_Carrots ($22.99 in chips)
Hayley_Rhubarb: posts small blind $0.10
Hero: posts big blind $0.25
*** HOLE CARDS ***
Dealt to Hero [9d 8s]
Hayley_Rhubarb: Leave(Auto)
Chris_Tat Soi: Leave(Auto)
Shin_Chives: raises $0.75 to $0.75
Karina_Radish: calls $0.75
Chris_Tat Soi: folds
Marisa_Carrots: calls $0.75
Hayley_Rhubarb: folds
Hero: calls $0.50
*** FLOP *** [Td 2c 3s]
Hero: checks
Shin_Chives: checks
Karina_Radish: checks
Marisa_Carrots: bets $1.80
Hero: folds
Hero: Leave(Auto)
Karina_Radish: Leave(Auto)
Shin_Chives: calls $1.80
Karina_Radish: folds
*** TURN *** [Td 2c 3s] [2d]
Shin_Chives: checks
Marisa_Carrots: bets $3.35
Shin_Chives: folds
Shin_Chives: Leave(Auto)
Uncalled bet ($3.35) returned to Marisa_Carrots
Marisa_Carrots: doesn't show hand
Marisa_Carrots collected $6.37 from pot
*** SUMMARY ***
Total pot $6.37



PokerStars Hand #3631819570: Hold'em No Limit ($0.10/$0.25)
Table '#1286' 6-max Seat #1 is the button
Seat 1: Hero ($22.06 in chips)
Seat 2: Billy_Guava ($33.76 in chips)
Seat 3: Kurt_Figs ($9.91 in chips)
Seat 4: Lizeth_Lentils ($25.62 in chips)
Seat 5: Errol_Soursop ($60.06 in chips)
Seat 6: Shanna_Caraway ($48.88 in chips)
Billy_Guava: posts small blind $0.10
Kurt_Figs: posts big blind $0.25
*** HOLE CARDS ***
Dealt to Hero [Tc 8c]
Errol_Soursop: Leave(Auto)
Lizeth_Lentils: folds
Lizeth_Lentils: Leave(Auto)
Errol_Soursop: folds
Shanna_Caraway: folds
Shanna_Caraway: Leave(Auto)
Hero: raises $0.66 to $0.66
Billy_Guava: folds
Billy_Guava: Leave(Auto)
Kurt_Figs: calls $0.41
*** FLOP *** [8s As Th]
Kurt_Figs: checks
Hero: bets $0.99
Kurt_Figs: calls $0.99
*** TURN *** [8s As Th] [4d]
Kurt_Figs: checks
Hero: bets $2.22
Kurt_Figs: calls $2.22
*** RIVER *** [8s As Th 4d] [2h]
Kurt_Figs: checks
Hero: bets $18.19 and is all-in
Kurt_Figs: calls $6.04 and is all-in
*** SHOW DOWN ***
Hero: shows [Tc 8c] (two pair, Tens and Eights)
Kurt_Figs: Mucks [9h Ad] (One pair)
Uncalled bet ($12.15) returned to Hero
Hero collected $18.93 from pot
*** SUMMARY ***
Total pot $19.92 | Rake $0.99
Board [8s As Th 4d 2h]
Seat 1: Hero (button) showed null and won ($18.93) with two pair, Tens and Eights
Seat 2: Billy_Guava (small blind) mucked [Ac 4h]
Seat 3: Kurt_Figs (big blind) mucked [9h Ad]
Seat 4: Lizeth_Lentils mucked [5s 3s]
Seat 5: Errol_Soursop mucked
Seat 6: Shanna_Caraway mucked [2d Jh]



PokerStars Hand #3631820305: Hold'em No Limit ($0.10/$0.25)
Table '#1286' 6-max Seat #6 is the button
Seat 1: Rayna_Radish ($61.37 in chips)
Seat 2: Mara_Rhubarb ($71.12 in chips)
Seat 3: Hero ($31.08 in chips)
Seat 4: Imelda_Bilberry ($17.83 in chips)
Seat 5: Sharon_Apples ($23.57 in chips)
Seat 6: Oren_Parnsip ($29.05 in chips)
Rayna_Radish: posts small blind $0.10
Mara_Rhubarb: posts big blind $0.25
*** HOLE CARDS ***
Dealt to Hero [4d 4s]
Imelda_Bilberry: Leave(Auto)
Rayna_Radish: Leave(Auto)
Hero: raises $0.66 to $0.66
Imelda_Bilberry: folds
Sharon_Apples: folds
Sharon_Apples: Leave(Auto)
Oren_Parnsip: calls $0.66
Rayna_Radish: folds
Mara_Rhubarb: calls $0.41
*** FLOP *** [3h 8s 9c]
Mara_Rhubarb: checks
Hero: checks
Oren_Parnsip: bets $2.08
Mara_Rhubarb: calls $2.08
Hero: folds
Hero: Leave(Auto)
*** TURN *** [3h 8s 9c] [Jh]
Mara_Rhubarb: checks
Oren_Parnsip: bets $3.12
Mara_Rhubarb: calls $3.12
*** RIVER *** [3h 8s 9c Jh] [2d]
Mara_Rhubarb: checks
Oren_Parnsip: checks
*** SHOW DOWN ***
Mara_Rhubarb: shows [Tc Jc] (a pair of Jacks)
Oren_Parnsip: Mucks [8h 5h] (One pair)
Mara_Rhubarb collected $11.86 from pot
*** SUMMARY ***
Total pot $11.86



PokerStars Hand #3631820747: Hold'em No Limit ($0.10/$0.25)
Table '#1286' 6-max Seat #4 is the button
Seat 1: Hero ($30.42 in chips)
Seat 2: Luigi_Daikon ($22.90 in chips)
Seat 3: Sook_Okra ($50.21 in chips)
Seat 4: Noah_Juniper ($32.01 in chips)
Seat 5: Belle_Juniper ($20.05 in chips)
Seat 6: Joey_Mulberry ($24.45 in chips)
Belle_Juniper: posts small blind $0.10
Joey_Mulberry: posts big blind $0.25
*** HOLE CARDS ***
Dealt to Hero [Ad Jd]
Sook_Okra: Leave(Auto)
Noah_Juniper: Leave(Auto)
Luigi_Daikon: Leave(Auto)
Hero: raises $0.66 to $0.66
Luigi_Daikon: folds
Sook_Okra: folds
Noah_Juniper: folds
Belle_Juniper: folds
Belle_Juniper: Leave(Auto)
Joey_Mulberry: folds
Joey_Mulberry: Leave(Auto)
Uncalled bet ($0.41) returned to Hero
Hero: doesn't show hand
Hero collected $0.60 from pot
*** SUMMARY ***
Total pot $0.6



PokerStars Hand #3631820913: Hold'em No Limit ($0.10/$0.25)
Table '#1286' 6-max Seat #2 is the button
Seat 1: Kory_Lime ($88.65 in chips)
Seat 2: Signe_Chives ($39.67 in chips)
Seat 3: Hung_Collard ($60.27 in chips)
Seat 4: Denver_Cabbage ($26.01 in chips)
Seat 5: Hero ($30.77 in chips)
Seat 6: Shiela_Soy ($30.25 in chips)
Hung_Collard: posts small blind $0.10
Denver_Cabbage: posts big blind $0.25
*** HOLE CARDS ***
Dealt to Hero [Td 7s]
Kory_Lime: Leave(Auto)
Hero: folds
Hero: Leave(Auto)
Shiela_Soy: folds
Shiela_Soy: Leave(Auto)
Kory_Lime: folds
Signe_Chives: raises $0.75 to $0.75
Hung_Collard: folds
Hung_Collard: Leave(Auto)
Denver_Cabbage: calls $0.50
*** FLOP *** [5c 2s 3h]
Denver_Cabbage: checks
Signe_Chives: bets $1.25
Denver_Cabbage: folds
Denver_Cabbage: Leave(Auto)
Uncalled bet ($1.25) returned to Signe_Chives
Signe_Chives: doesn't show hand
Signe_Chives collected $1.52 from pot
*** SUMMARY ***
Total pot $1.52



PokerStars Hand #3631820959: Hold'em No Limit ($0.10/$0.25)
Table '#1286' 6-max Seat #4 is the button
Seat 1: Neta_Grapes ($14.35 in chips)
Seat 2: Rena_Cucumber ($61.45 in chips)
Seat 3: Elisha_Carrots ($48.86 in chips)
Seat 4: Kristi_Sage ($88.65 in chips)
Seat 5: Hero ($30.77 in chips)
Seat 6: Maud_Shallot ($25.83 in chips)
Hero: posts small blind $0.10
Maud_Shallot: posts big blind $0.25
*** HOLE CARDS ***
Dealt to Hero [6h Ks]
Kristi_Sage: Leave(Auto)
Neta_Grapes: folds
Neta_Grapes: Leave(Auto)
Hero: Leave(Auto)
Rena_Cucumber: raises $0.60 to $0.60
Elisha_Carrots: calls $0.60
Kristi_Sage: folds
Hero: folds
Maud_Shallot: calls $0.35
*** FLOP *** [2s Tc 5c]
Maud_Shallot: bets $0.54
Rena_Cucumber: folds
Rena_Cucumber: Leave(Auto)
Elisha_Carrots: calls $0.54
*** TURN *** [2s Tc 5c] [4s]
Maud_Shallot: bets $0.87
Elisha_Carrots: calls $0.87
*** RIVER *** [2s Tc 5c 4s] [Kc]
Maud_Shallot: checks
Elisha_Carrots: checks
*** SHOW DOWN ***
Maud_Shallot: shows [Jh 9s] (high card King)
Elisha_Carrots: shows [As Js] (high card Ace)
Elisha_Carrots collected $4.49 from pot
*** SUMMARY ***
Total pot $4.49



PokerStars Hand #3631821011: Hold'em No Limit ($0.10/$0.25)
Table '#1286' 6-max Seat #5 is the button
Seat 1: Isela_Cabbage ($26.52 in chips)
Seat 2: Hero ($30.67 in chips)
Seat 3: Scot_Salak ($49.30 in chips)
Seat 4: Wan_Chives ($47.87 in chips)
Seat 5: Yael_Mango ($24.95 in chips)
Seat 6: Maire_Plum ($9.61 in chips)
Maire_Plum: posts small blind $0.10
Isela_Cabbage: posts big blind $0.25
*** HOLE CARDS ***
Dealt to Hero [Ah Jc]
Scot_Salak: Leave(Auto)
Wan_Chives: Leave(Auto)
Hero: raises $0.66 to $0.66
Scot_Salak: folds
Wan_Chives: folds
Yael_Mango: raises $2.10 to $2.10
Isela_Cabbage: Leave(Auto)
Maire_Plum: calls $2
Isela_Cabbage: folds
Hero: calls $1.44
*** FLOP *** [9s 5c 2s]
Maire_Plum: checks
Hero: checks
Yael_Mango: bets $4
Maire_Plum: calls $4
Hero: folds
Hero: Leave(Auto)
*** TURN *** [9s 5c 2s] [4h]
Maire_Plum: checks
Yael_Mango: bets $3.51
Maire_Plum: calls $3.51 and is all-in
*** RIVER *** [9s 5c 2s 4h] [Qc]
*** SHOW DOWN ***
Yael_Mango: shows [Ac As] (a pair of Aces)
Maire_Plum: shows [Jh 9h] (a pair of Nines)
Yael_Mango collected $20.50 from pot
*** SUMMARY ***
Total pot $20.5



PokerStars Hand #3631821545: Hold'em No Limit ($0.10/$0.25)
Table '#1286' 6-max Seat #1 is the button
Seat 1: Lettie_Oregano ($34.82 in chips)
Seat 2: Chance_Tamarind ($15.20 in chips)
Seat 3: Hero ($28.57 in chips)
Seat 4: Coral_Rosemary ($28.94 in chips)
Seat 5: Hana_Grapes ($25.67 in chips)
Seat 6: Kandi_Pinto ($59.70 in chips)
Chance_Tamarind: posts small blind $0.10
Hero: posts big blind $0.25
*** HOLE CARDS ***
Dealt to Hero [4d Jd]
Kandi_Pinto: Leave(Auto)
Hana_Grapes: Leave(Auto)
Coral_Rosemary: folds
Coral_Rosemary: Leave(Auto)
Hana_Grapes: folds
Kandi_Pinto: folds
Lettie_Oregano: raises $0.75 to $0.75
Chance_Tamarind: raises $2.40 to $2.50
Hero: folds
Hero: Leave(Auto)
Lettie_Oregano: folds
Lettie_Oregano: Leave(Auto)
Uncalled bet ($1.75) returned to Chance_Tamarind
Chance_Tamarind: doesn't show hand
Chance_Tamarind collected $1.75 from pot
*** SUMMARY ***
Total pot $1.75



PokerStars Hand #3631821750: Hold'em No Limit ($0.10/$0.25)
Table '#1286' 6-max Seat #2 is the button
Seat 1: Ashlyn_Basil ($43.63 in chips)
Seat 2: Hyon_Olive ($36.34 in chips)
Seat 3: Hero ($28.32 in chips)
Seat 4: Glory_Carrots ($88 in chips)
Seat 5: Penny_Garlic ($21.88 in chips)
Seat 6: Beckie_Habanero ($12.50 in chips)
Hero: posts small blind $0.10
Glory_Carrots: posts big blind $0.25
*** HOLE CARDS ***
Dealt to Hero [5c 3s]
Penny_Garlic: folds
Penny_Garlic: Leave(Auto)
Hyon_Olive: Leave(Auto)
Ashlyn_Basil: Leave(Auto)
Hero: Leave(Auto)
Beckie_Habanero: folds
Beckie_Habanero: Leave(Auto)
Ashlyn_Basil: folds
Hyon_Olive: folds
Hero: folds
Glory_Carrots: doesn't show hand
Uncalled bet ($0.25) returned to Glory_Carrots
Glory_Carrots collected $0.10 from pot
*** SUMMARY ***
Total pot $0.1



PokerStars Hand #3631821799: Hold'em No Limit ($0.10/$0.25)
Table '#1286' 6-max Seat #2 is the button
Seat 1: Latina_Leek ($25.02 in chips)
Seat 2: Steven_Okra ($64.90 in chips)
Seat 3: Kenia_Cucumber ($27.62 in chips)
Seat 4: Shawna_Fennel ($24.92 in chips)
Seat 5: Hero ($28.22 in chips)
Seat 6: Kendra_Parnsip ($25.22 in chips)
Kenia_Cucumber: posts small blind $0.10
Shawna_Fennel: posts big blind $0.25
*** HOLE CARDS ***
Dealt to Hero [2h 2c]
Hero: raises $0.66 to $0.66
Kendra_Parnsip: raises $1.07 to $1.07
Kenia_Cucumber: Leave(Auto)
Steven_Okra: Leave(Auto)
Latina_Leek: folds
Latina_Leek: Leave(Auto)
Steven_Okra: folds
Kenia_Cucumber: folds
Shawna_Fennel: folds
Shawna_Fennel: Leave(Auto)
Hero: calls $0.41
*** FLOP *** [Jc Kc 7s]
Hero: checks
Kendra_Parnsip: bets $1.25
Hero: folds
Hero: Leave(Auto)
Uncalled bet ($1.25) returned to Kendra_Parnsip
Kendra_Parnsip: doesn't show hand
Kendra_Parnsip collected $2.37 from pot
*** SUMMARY ***
Total pot $2.37



PokerStars Hand #3631822173: Hold'em No Limit ($0.10/$0.25)
Table '#1286' 6-max Seat #4 is the button
Seat 1: Jospeh_Jicama ($11.75 in chips)
Seat 2: Hero ($27.15 in chips)
Seat 3: Bennie_Spinach ($25.08 in chips)
Seat 4: Emma_Lentils ($59.50 in chips)
Seat 5: Eliseo_Potatos ($62.11 in chips)
Seat 6: Krista_Coconuts ($24.30 in chips)
Eliseo_Potatos: posts small blind $0.10
Krista_Coconuts: posts big blind $0.25
*** HOLE CARDS ***
Dealt to Hero [Ks 4s]
Emma_Lentils: Leave(Auto)
Hero: Leave(Auto)
Bennie_Spinach: Leave(Auto)
Jospeh_Jicama: folds
Jospeh_Jicama: Leave(Auto)
Hero: folds
Bennie_Spinach: folds
Emma_Lentils: folds
Eliseo_Potatos: calls $0.15
Krista_Coconuts: checks
*** FLOP *** [3h 9c 5d]
Eliseo_Potatos: bets $0.50
Krista_Coconuts: calls $0.50
*** TURN *** [3h 9c 5d] [Js]
Eliseo_Potatos: bets $0.25
Krista_Coconuts: calls $0.25
*** RIVER *** [3h 9c 5d Js] [Jd]
Eliseo_Potatos: checks
Krista_Coconuts: checks
*** SHOW DOWN ***
Eliseo_Potatos: shows [8d 9h] (two pair, Jacks and Nines)
Krista_Coconuts: shows [Qs 3d] (two pair, Jacks and Threes)
Eliseo_Potatos collected $1.90 from pot
*** SUMMARY ***
Total pot $1.9



PokerStars Hand #3631822218: Hold'em No Limit ($0.10/$0.25)
Table '#1286' 6-max Seat #5 is the button
Seat 1: Joel_Tabasco ($25.25 in chips)
Seat 2: Hero ($27.15 in chips)
Seat 3: Magan_Tamarind ($16.39 in chips)
Seat 4: Raquel_Tabasco ($26.52 in chips)
Seat 5: Fidel_Marjoram ($29.55 in chips)
Seat 6: Teresa_Chives ($23.60 in chips)
Teresa_Chives: posts small blind $0.10
Joel_Tabasco: posts big blind $0.25
*** HOLE CARDS ***
Dealt to Hero [Qc 8c]
Teresa_Chives: Leave(Auto)
Magan_Tamarind: Leave(Auto)
Hero: folds
Hero: Leave(Auto)
Magan_Tamarind: folds
Fidel_Marjoram: Leave(Auto)
Raquel_Tabasco: calls $0.25
Fidel_Marjoram: folds
Teresa_Chives: folds
Joel_Tabasco: checks
*** FLOP *** [Ac 6c 4h]
Joel_Tabasco: checks
Raquel_Tabasco: checks
*** TURN *** [Ac 6c 4h] [5d]
Joel_Tabasco: checks
Raquel_Tabasco: checks
*** RIVER *** [Ac 6c 4h 5d] [2h]
Joel_Tabasco: bets $0.60
Raquel_Tabasco: folds
Raquel_Tabasco: Leave(Auto)
Uncalled bet ($0.60) returned to Joel_Tabasco
Joel_Tabasco: doesn't show hand
Joel_Tabasco collected $0.57 from pot
*** SUMMARY ***
Total pot $0.60 | Rake $0.03
Board [Ac 6c 4h 5d 2h]
Seat 1: Joel_Tabasco (big blind) showed [8d 3c] and won ($0.57)
Seat 2: Hero mucked null
Seat 3: Magan_Tamarind showed [8h 4d] and lost
Seat 4: Raquel_Tabasco mucked [Ts 9s]
Seat 5: Fidel_Marjoram (button) showed [Qd Js] and lost
Seat 6: Teresa_Chives (small blind) showed [Jh 6d] and lost



PokerStars Hand #3631822279: Hold'em No Limit ($0.10/$0.25)
Table '#1286' 6-max Seat #5 is the button
Seat 1: Hero ($27.15 in chips)
Seat 2: Gemma_Bananas ($40.92 in chips)
Seat 3: Idell_Grapes ($11.42 in chips)
Seat 4: Stacee_Turnips ($63.03 in chips)
Seat 5: Lyle_Pinto ($25.10 in chips)
Seat 6: Cheri_Kohlrabi ($32.90 in chips)
Cheri_Kohlrabi: posts small blind $0.10
Hero: posts big blind $0.25
*** HOLE CARDS ***
Dealt to Hero [Ah Jh]
Gemma_Bananas: folds
Gemma_Bananas: Leave(Auto)
Cheri_Kohlrabi: Leave(Auto)
Lyle_Pinto: Leave(Auto)
Idell_Grapes: folds
Idell_Grapes: Leave(Auto)
Stacee_Turnips: folds
Stacee_Turnips: Leave(Auto)
Lyle_Pinto: folds
Cheri_Kohlrabi: folds
Hero: doesn't show hand
Uncalled bet ($0.25) returned to Hero
Hero collected $0.10 from pot
*** SUMMARY ***
Total pot $0.10
Seat 1: Hero (big blind) showed null and won ($0.10)
Seat 2: Gemma_Bananas mucked [Td 8s]
Seat 3: Idell_Grapes mucked [Kd 5c]
Seat 4: Stacee_Turnips mucked [3h 9d]
Seat 5: Lyle_Pinto (button) showed [Jc 2c] and lost
Seat 6: Cheri_Kohlrabi (small blind) showed [Kc 2h] and lost



PokerStars Hand #3631822431: Hold'em No Limit ($0.10/$0.25)
Table '#1286' 6-max Seat #5 is the button
Seat 1: Cyndi_Rosemary ($33.56 in chips)
Seat 2: Alycia_Fennel ($25.69 in chips)
Seat 3: Hero ($27.25 in chips)
Seat 4: Emily_Tat Soi ($24.85 in chips)
Seat 5: Nguyet_Anise ($17.83 in chips)
Seat 6: Aaron_Rambutan ($47.43 in chips)
Aaron_Rambutan: posts small blind $0.10
Cyndi_Rosemary: posts big blind $0.25
*** HOLE CARDS ***
Dealt to Hero [6d 3h]
Nguyet_Anise: Leave(Auto)
Alycia_Fennel: folds
Alycia_Fennel: Leave(Auto)
Hero: folds
Hero: Leave(Auto)
Emily_Tat Soi: raises $0.75 to $0.75
Nguyet_Anise: folds
Aaron_Rambutan: folds
Aaron_Rambutan: Leave(Auto)
Cyndi_Rosemary: calls $0.50
*** FLOP *** [2h Qd 4c]
Cyndi_Rosemary: checks
Emily_Tat Soi: bets $1.08
Cyndi_Rosemary: folds
Uncalled bet ($1.08) returned to Emily_Tat Soi
Emily_Tat Soi: doesn't show hand
Emily_Tat Soi collected $1.52 from pot
*** SUMMARY ***
Total pot $1.60 | Rake $0.08
Board [2h Qd 4c]
Seat 1: Cyndi_Rosemary (big blind) mucked [7c Tc]
Seat 2: Alycia_Fennel mucked [7s 3s]
Seat 3: Hero mucked null
Seat 4: Emily_Tat Soi showed [Ac 5c] and won ($1.52)
Seat 5: Nguyet_Anise (button) showed [2d 6h] and lost
Seat 6: Aaron_Rambutan (small blind) mucked [Qc Ks]



PokerStars Hand #3631822543: Hold'em No Limit ($0.10/$0.25)
Table '#1286' 6-max Seat #5 is the button
Seat 1: Genie_Leek ($25 in chips)
Seat 2: Virgie_Caraway ($5.62 in chips)
Seat 3: Leola_Jicama ($11.98 in chips)
Seat 4: Eva_Shallot ($58.60 in chips)
Seat 5: Hero ($27.25 in chips)
Seat 6: Jacqui_Parsley ($41.37 in chips)
Jacqui_Parsley: posts small blind $0.10
Genie_Leek: posts big blind $0.25
*** HOLE CARDS ***
Dealt to Hero [3h 3c]
Leola_Jicama: Leave(Auto)
Virgie_Caraway: calls $0.25
Leola_Jicama: folds
Eva_Shallot: raises $1 to $1
Genie_Leek: Leave(Auto)
Jacqui_Parsley: Leave(Auto)
Hero: calls $1
Jacqui_Parsley: folds
Genie_Leek: folds
Virgie_Caraway: raises $5.37 to $5.62 and is all-in
Eva_Shallot: folds
Eva_Shallot: Leave(Auto)
Hero: calls $4.62
*** FLOP *** [9h Ac 4d]
*** TURN *** [9h Ac 4d] [8s]
*** RIVER *** [9h Ac 4d 8s] [5h]
*** SHOW DOWN ***
Virgie_Caraway: shows [Ad Kc] (a pair of Aces)
Hero: shows null (a pair of Threes)
Virgie_Caraway collected $11.97 from pot
*** SUMMARY ***
Total pot $11.97



PokerStars Hand #3631823049: Hold'em No Limit ($0.10/$0.25)
Table '#1286' 6-max Seat #1 is the button
Seat 1: Hero ($21.63 in chips)
Seat 2: Jeremy_Tubers ($25.11 in chips)
Seat 3: Nicol_Ugli ($41.63 in chips)
Seat 4: Delpha_Sage ($24.47 in chips)
Seat 5: Michal_Lentils ($39.67 in chips)
Seat 6: Del_Caraway ($48.54 in chips)
Jeremy_Tubers: posts small blind $0.10
Nicol_Ugli: posts big blind $0.25
*** HOLE CARDS ***
Dealt to Hero [Ah 9d]
Jeremy_Tubers: Leave(Auto)
Delpha_Sage: raises $0.75 to $0.75
Michal_Lentils: folds
Michal_Lentils: Leave(Auto)
Hero: Leave(Auto)
Del_Caraway: calls $0.75
Hero: folds
Jeremy_Tubers: folds
Nicol_Ugli: calls $0.50
*** FLOP *** [9h Kc 7s]
Nicol_Ugli: checks
Delpha_Sage: bets $1.17
Del_Caraway: folds
Del_Caraway: Leave(Auto)
Nicol_Ugli: folds
Nicol_Ugli: Leave(Auto)
Uncalled bet ($1.17) returned to Delpha_Sage
Delpha_Sage: doesn't show hand
Delpha_Sage collected $2.24 from pot
*** SUMMARY ***
Total pot $2.35 | Rake $0.11
Board [9h Kc 7s]
Seat 1: Hero (button) showed [Ah 9d] and lost
Seat 2: Jeremy_Tubers (small blind) showed [4h 3c] and lost
Seat 3: Nicol_Ugli (big blind) mucked [5d 5s]
Seat 4: Delpha_Sage showed [Qc Ad] and won ($2.24)
Seat 5: Michal_Lentils mucked [Kh 3s]
Seat 6: Del_Caraway mucked [Ac Jh]



PokerStars Hand #3631823125: Hold'em No Limit ($0.10/$0.25)
Table '#1286' 6-max Seat #3 is the button
Seat 1: Jena_Soy ($38.65 in chips)
Seat 2: Hero ($21.63 in chips)
Seat 3: Arlen_Peas ($13.53 in chips)
Seat 4: Aretha_Chard ($15.75 in chips)
Seat 5: Morris_Raisins ($26.79 in chips)
Seat 6: Virgen_Bok Choy ($40.92 in chips)
Aretha_Chard: posts small blind $0.10
Morris_Raisins: posts big blind $0.25
*** HOLE CARDS ***
Dealt to Hero [4s Jc]
Jena_Soy: Leave(Auto)
Hero: Leave(Auto)
Virgen_Bok Choy: raises $0.75 to $0.75
Jena_Soy: folds
Hero: folds
Aretha_Chard: Leave(Auto)
Arlen_Peas: folds
Arlen_Peas: Leave(Auto)
Aretha_Chard: folds
Morris_Raisins: folds
Morris_Raisins: Leave(Auto)
Uncalled bet ($0.50) returned to Virgen_Bok Choy
Virgen_Bok Choy: doesn't show hand
Virgen_Bok Choy collected $0.60 from pot
*** SUMMARY ***
Total pot $0.6



PokerStars Hand #3631823182: Hold'em No Limit ($0.10/$0.25)
Table '#1286' 6-max Seat #3 is the button
Seat 1: Javier_Pumpkins ($12.15 in chips)
Seat 2: Teresa_Lentils ($61.16 in chips)
Seat 3: Lorie_Kohlrabi ($25.69 in chips)
Seat 4: Cherie_Quinoa ($10.90 in chips)
Seat 5: Ollie_Wasabi ($24.65 in chips)
Seat 6: Hero ($21.63 in chips)
Cherie_Quinoa: posts small blind $0.10
Ollie_Wasabi: posts big blind $0.25
*** HOLE CARDS ***
Dealt to Hero [7d 2d]
Cherie_Quinoa: Leave(Auto)
Hero: folds
Hero: Leave(Auto)
Javier_Pumpkins: raises $0.85 to $0.85
Lorie_Kohlrabi: Leave(Auto)
Teresa_Lentils: folds
Teresa_Lentils: Leave(Auto)
Lorie_Kohlrabi: folds
Cherie_Quinoa: folds
Ollie_Wasabi: folds
Ollie_Wasabi: Leave(Auto)
Uncalled bet ($0.60) returned to Javier_Pumpkins
Javier_Pumpkins: doesn't show hand
Javier_Pumpkins collected $0.60 from pot
*** SUMMARY ***
Total pot $0.6



PokerStars Hand #3631823223: Hold'em No Limit ($0.10/$0.25)
Table '#1286' 6-max Seat #3 is the button
Seat 1: Luci_Kohlrabi ($10.19 in chips)
Seat 2: Stan_Juniper ($61.68 in chips)
Seat 3: Edwina_Anise ($51.13 in chips)
Seat 4: Mallie_Pears ($10.80 in chips)
Seat 5: Hero ($21.63 in chips)
Seat 6: Aida_Quinoa ($24.75 in chips)
Mallie_Pears: posts small blind $0.10
Hero: posts big blind $0.25
*** HOLE CARDS ***
Dealt to Hero [6d 5h]
Stan_Juniper: Leave(Auto)
Edwina_Anise: Leave(Auto)
Aida_Quinoa: folds
Aida_Quinoa: Leave(Auto)
Mallie_Pears: Leave(Auto)
Luci_Kohlrabi: raises $0.50 to $0.50
Stan_Juniper: folds
Edwina_Anise: folds
Mallie_Pears: folds
Hero: calls $0.25
*** FLOP *** [Js Th 8c]
Hero: checks
Luci_Kohlrabi: checks
*** TURN *** [Js Th 8c] [6c]
Hero: checks
Luci_Kohlrabi: checks
*** RIVER *** [Js Th 8c 6c] [Kd]
Hero: checks
Luci_Kohlrabi: bets $1.10
Hero: folds
Hero: Leave(Auto)
Uncalled bet ($1.10) returned to Luci_Kohlrabi
Luci_Kohlrabi: doesn't show hand
Luci_Kohlrabi collected $1.05 from pot
*** SUMMARY ***
Total pot $1.10 | Rake $0.05
Board [Js Th 8c 6c Kd]
Seat 1: Luci_Kohlrabi showed [4h 4s] and won ($1.05)
Seat 2: Stan_Juniper showed [2d 6s] and lost
Seat 3: Edwina_Anise (button) showed [5s Qc] and lost
Seat 4: Mallie_Pears (small blind) showed [6h 9d] and lost
Seat 5: Hero (big blind) mucked null
Seat 6: Aida_Quinoa mucked [3d Tc]



PokerStars Hand #3631823546: Hold'em No Limit ($0.10/$0.25)
Table '#1286' 6-max Seat #2 is the button
Seat 1: Toya_Celeriac ($49.76 in chips)
Seat 2: Hero ($21.13 in chips)
Seat 3: Wan_Caraway ($27.27 in chips)
Seat 4: Bryant_Rambutan ($12 in chips)
Seat 5: Minh_Fennel ($25.59 in chips)
Seat 6: Coral_Wasabi ($32.81 in chips)
Wan_Caraway: posts small blind $0.10
Bryant_Rambutan: posts big blind $0.25
*** HOLE CARDS ***
Dealt to Hero [3c As]
Minh_Fennel: folds
Minh_Fennel: Leave(Auto)
Coral_Wasabi: folds
Coral_Wasabi: Leave(Auto)
Toya_Celeriac: raises $0.75 to $0.75
Hero: folds
Hero: Leave(Auto)
Wan_Caraway: folds
Wan_Caraway: Leave(Auto)
Bryant_Rambutan: calls $0.50
*** FLOP *** [Qc 4d Kd]
Bryant_Rambutan: checks
Toya_Celeriac: bets $0.80
Bryant_Rambutan: folds
Bryant_Rambutan: Leave(Auto)
Uncalled bet ($0.80) returned to Toya_Celeriac
Toya_Celeriac: doesn't show hand
Toya_Celeriac collected $1.52 from pot
*** SUMMARY ***
Total pot $1.52



PokerStars Hand #3631823696: Hold'em No Limit ($0.10/$0.25)
Table '#1286' 6-max Seat #5 is the button
Seat 1: Dwayne_Turnips ($20.40 in chips)
Seat 2: Marta_Rhubarb ($40.42 in chips)
Seat 3: Hero ($21.13 in chips)
Seat 4: Star_Celery ($25.43 in chips)
Seat 5: Clark_Apples ($35.71 in chips)
Seat 6: Mammie_Beans ($60.81 in chips)
Mammie_Beans: posts small blind $0.10
Dwayne_Turnips: posts big blind $0.25
*** HOLE CARDS ***
Dealt to Hero [Kc Ks]
Star_Celery: Leave(Auto)
Marta_Rhubarb: raises $0.75 to $0.75
Hero: raises $1.99 to $1.99
Star_Celery: folds
Mammie_Beans: Leave(Auto)
Clark_Apples: folds
Clark_Apples: Leave(Auto)
Mammie_Beans: folds
Dwayne_Turnips: folds
Dwayne_Turnips: Leave(Auto)
Marta_Rhubarb: calls $1.24
*** FLOP *** [4c Ac 4d]
Marta_Rhubarb: checks
Hero: checks
*** TURN *** [4c Ac 4d] [Qs]
Marta_Rhubarb: checks
Hero: checks
*** RIVER *** [4c Ac 4d Qs] [Kd]
Marta_Rhubarb: checks
Hero: bets $6
Marta_Rhubarb: folds
Marta_Rhubarb: Leave(Auto)
Uncalled bet ($6) returned to Hero
Hero: doesn't show hand
Hero collected $4.12 from pot
*** SUMMARY ***
Total pot $4.33 | Rake $0.21
Board [4c Ac 4d Qs Kd]
Seat 1: Dwayne_Turnips (big blind) mucked [5s Th]
Seat 2: Marta_Rhubarb mucked [6d 6s]
Seat 3: Hero showed null and won ($4.12)
Seat 4: Star_Celery showed [5c Ah] and lost
Seat 5: Clark_Apples (button) mucked [Jd Ts]
Seat 6: Mammie_Beans (small blind) showed [7s Ad] and lost



PokerStars Hand #3631824342: Hold'em No Limit ($0.10/$0.25)
Table '#1286' 6-max Seat #3 is the button
Seat 1: Hilary_Grapes ($18.78 in chips)
Seat 2: Liz_Guava ($75.89 in chips)
Seat 3: Art_Cucumber ($11.65 in chips)
Seat 4: Chloe_Radish ($32.92 in chips)
Seat 5: Tesha_Chili ($25.11 in chips)
Seat 6: Hero ($23.26 in chips)
Chloe_Radish: posts small blind $0.10
Tesha_Chili: posts big blind $0.25
*** HOLE CARDS ***
Dealt to Hero [2d 9c]
Hilary_Grapes: Leave(Auto)
Chloe_Radish: Leave(Auto)
Hero: folds
Hero: Leave(Auto)
Hilary_Grapes: folds
Art_Cucumber: Leave(Auto)
Liz_Guava: folds
Liz_Guava: Leave(Auto)
Art_Cucumber: folds
Chloe_Radish: folds
Tesha_Chili: doesn't show hand
Uncalled bet ($0.25) returned to Tesha_Chili
Tesha_Chili collected $0.10 from pot
*** SUMMARY ***
Total pot $0.1



PokerStars Hand #3631824381: Hold'em No Limit ($0.10/$0.25)
Table '#1286' 6-max Seat #6 is the button
Seat 1: Willy_Shallot ($63.68 in chips)
Seat 2: Ciara_Olive ($15.75 in chips)
Seat 3: Katy_Cabbage ($32.06 in chips)
Seat 4: Nita_Fennel ($32.82 in chips)
Seat 5: Hero ($23.26 in chips)
Seat 6: Anissa_Leek ($22.50 in chips)
Willy_Shallot: posts small blind $0.10
Ciara_Olive: posts big blind $0.25
*** HOLE CARDS ***
Dealt to Hero [5c 5d]
Willy_Shallot: Leave(Auto)
Katy_Cabbage: folds
Katy_Cabbage: Leave(Auto)
Nita_Fennel: raises $0.75 to $0.75
Hero: calls $0.75
Anissa_Leek: raises $3.25 to $3.25
Willy_Shallot: folds
Nita_Fennel: Leave(Auto)
Ciara_Olive: folds
Ciara_Olive: Leave(Auto)
Nita_Fennel: folds
Hero: calls $2.50
*** FLOP *** [2c Qc Th]
Hero: checks
Anissa_Leek: bets $4.42
Hero: folds
Hero: Leave(Auto)
Uncalled bet ($4.42) returned to Anissa_Leek
Anissa_Leek: doesn't show hand
Anissa_Leek collected $7.22 from pot
*** SUMMARY ***
Total pot $7.60 | Rake $0.38
Board [2c Qc Th]
Seat 1: Willy_Shallot (small blind) showed [Qs 2h] and lost
Seat 2: Ciara_Olive (big blind) mucked [Jc Jh]
Seat 3: Katy_Cabbage mucked [Qd 7s]
Seat 4: Nita_Fennel showed [7c 6c] and lost
Seat 5: Hero mucked null
Seat 6: Anissa_Leek (button) showed [Kc As] and won ($7.22)



PokerStars Hand #3631824830: Hold'em No Limit ($0.10/$0.25)
Table '#1286' 6-max Seat #1 is the button
Seat 1: Lezlie_Bananas ($32.51 in chips)
Seat 2: Ivory_Pomelo ($132.19 in chips)
Seat 3: Layne_Papaya ($41.03 in chips)
Seat 4: Buddy_Fennel ($18.02 in chips)
Seat 5: Hero ($20.01 in chips)
Seat 6: Karol_Raisins ($26.65 in chips)
Ivory_Pomelo: posts small blind $0.10
Layne_Papaya: posts big blind $0.25
*** HOLE CARDS ***
Dealt to Hero [Th Qh]
Buddy_Fennel: folds
Buddy_Fennel: Leave(Auto)
Ivory_Pomelo: Leave(Auto)
Hero: raises $0.66 to $0.66
Karol_Raisins: folds
Karol_Raisins: Leave(Auto)
Lezlie_Bananas: calls $0.66
Ivory_Pomelo: folds
Layne_Papaya: calls $0.41
*** FLOP *** [4h 6d 3d]
Layne_Papaya: checks
Hero: bets $1.11
Lezlie_Bananas: calls $1.11
Layne_Papaya: folds
Layne_Papaya: Leave(Auto)
*** TURN *** [4h 6d 3d] [9h]
Hero: bets $2.66
Lezlie_Bananas: folds
Lezlie_Bananas: Leave(Auto)
Uncalled bet ($2.66) returned to Hero
Hero: doesn't show hand
Hero collected $4.09 from pot
*** SUMMARY ***
Total pot $4.09



PokerStars Hand #3631825289: Hold'em No Limit ($0.10/$0.25)
Table '#1286' 6-max Seat #6 is the button
Seat 1: Awilda_Pomelo ($75.54 in chips)
Seat 2: Gary_Mulberry ($25.74 in chips)
Seat 3: Wilton_Mango ($65.98 in chips)
Seat 4: Alissa_Salak ($26.01 in chips)
Seat 5: Hero ($22.33 in chips)
Seat 6: Kina_Spinach ($27.51 in chips)
Awilda_Pomelo: posts small blind $0.10
Gary_Mulberry: posts big blind $0.25
*** HOLE CARDS ***
Dealt to Hero [9h Tc]
Wilton_Mango: folds
Wilton_Mango: Leave(Auto)
Kina_Spinach: Leave(Auto)
Alissa_Salak: folds
Alissa_Salak: Leave(Auto)
Hero: raises $0.66 to $0.66
Kina_Spinach: folds
Gary_Mulberry: Leave(Auto)
Awilda_Pomelo: folds
Awilda_Pomelo: Leave(Auto)
Gary_Mulberry: folds
Uncalled bet ($0.41) returned to Hero
Hero: doesn't show hand
Hero collected $0.60 from pot
*** SUMMARY ***
Total pot $0.6



PokerStars Hand #3631825531: Hold'em No Limit ($0.10/$0.25)
Table '#1286' 6-max Seat #3 is the button
Seat 1: Andre_Apricots ($38.01 in chips)
Seat 2: Nickie_Goji ($47.89 in chips)
Seat 3: Gala_Parsley ($26.14 in chips)
Seat 4: Hero ($22.68 in chips)
Seat 5: Emilio_Potatos ($12.50 in chips)
Seat 6: Deena_Cilantro ($24.45 in chips)
Hero: posts small blind $0.10
Emilio_Potatos: posts big blind $0.25
*** HOLE CARDS ***
Dealt to Hero [7s Ks]
Andre_Apricots: Leave(Auto)
Deena_Cilantro: folds
Deena_Cilantro: Leave(Auto)
Andre_Apricots: folds
Nickie_Goji: folds
Nickie_Goji: Leave(Auto)
Gala_Parsley: raises $0.75 to $0.75
Hero: folds
Hero: Leave(Auto)
Emilio_Potatos: folds
Emilio_Potatos: Leave(Auto)
*** SHOW DOWN ***
Gala_Parsley: shows [5h Ah] (high card Five)
Uncalled bet ($0.50) returned to Gala_Parsley
Gala_Parsley collected $0.60 from pot
*** SUMMARY ***
Total pot $0.6



PokerStars Hand #3631825680: Hold'em No Limit ($0.10/$0.25)
Table '#1286' 6-max Seat #5 is the button
Seat 1: Hero ($22.58 in chips)
Seat 2: Dong_Fennel ($13.95 in chips)
Seat 3: Alice_Anise ($27.51 in chips)
Seat 4: Marvin_Potatos ($15.17 in chips)
Seat 5: Ofelia_Goji ($26.02 in chips)
Seat 6: Fidela_Ugli ($24.35 in chips)
Fidela_Ugli: posts small blind $0.10
Hero: posts big blind $0.25
*** HOLE CARDS ***
Dealt to Hero [Ad Qh]
Marvin_Potatos: Leave(Auto)
Alice_Anise: Leave(Auto)
Dong_Fennel: folds
Dong_Fennel: Leave(Auto)
Alice_Anise: folds
Marvin_Potatos: folds
Fidela_Ugli: Leave(Auto)
Ofelia_Goji: folds
Ofelia_Goji: Leave(Auto)
Fidela_Ugli: folds
Hero: doesn't show hand
Uncalled bet ($0.25) returned to Hero
Hero collected $0.10 from pot
*** SUMMARY ***
Total pot $0.10
Seat 1: Hero (big blind) showed null and won ($0.10)
Seat 2: Dong_Fennel mucked [3h Jc]
Seat 3: Alice_Anise showed [5d 4s] and lost
Seat 4: Marvin_Potatos showed [4c Qc] and lost
Seat 5: Ofelia_Goji (button) mucked [5c Kc]
Seat 6: Fidela_Ugli (small blind) showed [Td 3c] and lost



PokerStars Hand #3631825816: Hold'em No Limit ($0.10/$0.25)
Table '#1286' 6-max Seat #1 is the button
Seat 1: Krista_Lentils ($29.77 in chips)
Seat 2: Adela_Salak ($28.64 in chips)
Seat 3: Casie_Peas ($15.17 in chips)
Seat 4: Hero ($22.68 in chips)
Seat 5: Edris_Dill ($23.65 in chips)
Seat 6: Meta_Thyme ($42.17 in chips)
Adela_Salak: posts small blind $0.10
Casie_Peas: posts big blind $0.25
*** HOLE CARDS ***
Dealt to Hero [8h 8d]
Casie_Peas: Leave(Auto)
Edris_Dill: Leave(Auto)
Hero: raises $0.66 to $0.66
Edris_Dill: folds
Adela_Salak: Leave(Auto)
Meta_Thyme: folds
Meta_Thyme: Leave(Auto)
Krista_Lentils: folds
Krista_Lentils: Leave(Auto)
Adela_Salak: folds
Casie_Peas: folds
Uncalled bet ($0.41) returned to Hero
Hero: doesn't show hand
Hero collected $0.60 from pot
*** SUMMARY ***
Total pot $0.60
Seat 1: Krista_Lentils (button) mucked [6h 5c]
Seat 2: Adela_Salak (small blind) showed [Qh 3d] and lost
Seat 3: Casie_Peas (big blind) showed [Ks 5d] and lost
Seat 4: Hero showed null and won ($0.60)
Seat 5: Edris_Dill showed [3c Ad] and lost
Seat 6: Meta_Thyme mucked [6d 8s]



PokerStars Hand #3631825985: Hold'em No Limit ($0.10/$0.25)
Table '#1286' 6-max Seat #2 is the button
Seat 1: Anabel_Bok Choy ($18.35 in chips)
Seat 2: Shonna_Kiwi ($21.01 in chips)
Seat 3: Hero ($23.03 in chips)
Seat 4: Jimmie_Radish ($23.90 in chips)
Seat 5: Milan_Anise ($36.01 in chips)
Seat 6: Aurore_Anise ($25 in chips)
Hero: posts small blind $0.10
Jimmie_Radish: posts big blind $0.25
*** HOLE CARDS ***
Dealt to Hero [Ad Td]
Aurore_Anise: Leave(Auto)
Shonna_Kiwi: Leave(Auto)
Milan_Anise: folds
Milan_Anise: Leave(Auto)
Aurore_Anise: folds
Anabel_Bok Choy: raises $0.75 to $0.75
Shonna_Kiwi: folds
Jimmie_Radish: Leave(Auto)
Hero: raises $2.45 to $2.55
Jimmie_Radish: folds
Anabel_Bok Choy: calls $1.80
*** FLOP *** [7h As 7s]
Hero: checks
Anabel_Bok Choy: checks
*** TURN *** [7h As 7s] [9c]
Hero: bets $2.99
Anabel_Bok Choy: calls $2.99
*** RIVER *** [7h As 7s 9c] [Ac]
Hero: bets $17.49 and is all-in
Anabel_Bok Choy: calls $12.81 and is all-in
*** SHOW DOWN ***
Hero: shows null (a full house, Aces full of Sevens)
Anabel_Bok Choy: shows [7c 7d] (four of a kind, Sevens)
Uncalled bet ($4.68) returned to Hero
Anabel_Bok Choy collected $35.11 from pot
*** SUMMARY ***
Total pot $35.11



PokerStars Hand #3631826562: Hold'em No Limit ($0.10/$0.25)
Table '#1286' 6-max Seat #2 is the button
Seat 1: Edmond_Kiwi ($55.43 in chips)
Seat 2: Ilene_Rosemary ($35.74 in chips)
Seat 3: Rhett_Rambutan ($22.15 in chips)
Seat 4: Marina_Olive ($37.48 in chips)
Seat 5: Loida_Satsuma ($35.11 in chips)
Seat 6: Hero ($4.68 in chips)
Rhett_Rambutan: posts small blind $0.10
Marina_Olive: posts big blind $0.25
*** HOLE CARDS ***
Dealt to Hero [8h Ac]
Loida_Satsuma: folds
Loida_Satsuma: Leave(Auto)
Hero: folds
Hero: Leave(Auto)
Edmond_Kiwi: raises $0.75 to $0.75
Marina_Olive: Leave(Auto)
Rhett_Rambutan: Leave(Auto)
Ilene_Rosemary: folds
Rhett_Rambutan: folds
Marina_Olive: folds
Uncalled bet ($0.50) returned to Edmond_Kiwi
Edmond_Kiwi: doesn't show hand
Edmond_Kiwi collected $0.60 from pot
*** SUMMARY ***
Total pot $0.6



PokerStars Hand #3631826662: Hold'em No Limit ($0.10/$0.25)
Table '#1286' 6-max Seat #6 is the button
Seat 1: Evonne_Coconuts ($106.90 in chips)
Seat 2: Isidro_Chili ($32.96 in chips)
Seat 3: Hyman_Peach ($25.08 in chips)
Seat 4: Hero ($4.68 in chips)
Seat 5: Susann_Rosemary ($58.41 in chips)
Seat 6: Stella_Collard ($52.11 in chips)
Evonne_Coconuts: posts small blind $0.10
Isidro_Chili: posts big blind $0.25
*** HOLE CARDS ***
Dealt to Hero [5s 8c]
Susann_Rosemary: Leave(Auto)
Hero: Leave(Auto)
Evonne_Coconuts: Leave(Auto)
Hyman_Peach: raises $0.75 to $0.75
Hero: folds
Susann_Rosemary: folds
Stella_Collard: folds
Stella_Collard: Leave(Auto)
Evonne_Coconuts: folds
Isidro_Chili: folds
Isidro_Chili: Leave(Auto)
Uncalled bet ($0.50) returned to Hyman_Peach
Hyman_Peach: doesn't show hand
Hyman_Peach collected $0.60 from pot
*** SUMMARY ***
Total pot $0.6



PokerStars Hand #3631826720: Hold'em No Limit ($0.10/$0.25)
Table '#1286' 6-max Seat #5 is the button
Seat 1: Hero ($4.68 in chips)
Seat 2: Sal_Plumcot ($12.53 in chips)
Seat 3: Anisha_Jujube ($37.23 in chips)
Seat 4: Gracia_Apples ($37.62 in chips)
Seat 5: Wyatt_Onions ($54.54 in chips)
Seat 6: Lila_Carrots ($106.80 in chips)
Lila_Carrots: posts small blind $0.10
Hero: posts big blind $0.25
*** HOLE CARDS ***
Dealt to Hero [4c 5s]
Sal_Plumcot: folds
Sal_Plumcot: Leave(Auto)
Anisha_Jujube: folds
Anisha_Jujube: Leave(Auto)
Gracia_Apples: raises $0.60 to $0.60
Wyatt_Onions: calls $0.60
Lila_Carrots: folds
Lila_Carrots: Leave(Auto)
Hero: calls $0.35
*** FLOP *** [8s Kh Ah]
Hero: checks
Gracia_Apples: checks
Wyatt_Onions: checks
*** TURN *** [8s Kh Ah] [Th]
Hero: checks
Gracia_Apples: checks
Wyatt_Onions: checks
*** RIVER *** [8s Kh Ah Th] [Js]
Hero: checks
Gracia_Apples: checks
Wyatt_Onions: checks
*** SHOW DOWN ***
Hero: shows null (high card Ace)
Gracia_Apples: shows [6c 5c] (high card Ace)
Wyatt_Onions: shows [4h 4d] (a pair of Fours)
Wyatt_Onions collected $1.81 from pot
*** SUMMARY ***
Total pot $1.81



PokerStars Hand #3631827163: Hold'em No Limit ($0.10/$0.25)
Table '#1286' 6-max Seat #6 is the button
Seat 1: Roxane_Cabbage ($40.47 in chips)
Seat 2: Barton_Pomelo ($17.71 in chips)
Seat 3: Kina_Daikon ($25 in chips)
Seat 4: Dorian_Chard ($69.63 in chips)
Seat 5: Doria_Celery ($54.44 in chips)
Seat 6: Hero ($25 in chips)
Roxane_Cabbage: posts small blind $0.10
Barton_Pomelo: posts big blind $0.25
*** HOLE CARDS ***
Dealt to Hero [4s Td]
Doria_Celery: Leave(Auto)
Hero: Leave(Auto)
Kina_Daikon: folds
Kina_Daikon: Leave(Auto)
Dorian_Chard: folds
Dorian_Chard: Leave(Auto)
Doria_Celery: folds
Hero: folds
Roxane_Cabbage: folds
Roxane_Cabbage: Leave(Auto)
Barton_Pomelo: doesn't show hand
Uncalled bet ($0.25) returned to Barton_Pomelo
Barton_Pomelo collected $0.10 from pot
*** SUMMARY ***
Total pot $0.10
Seat 1: Roxane_Cabbage (small blind) mucked [Qd 6c]
Seat 2: Barton_Pomelo (big blind) showed [8c 2d] and won ($0.10)
Seat 3: Kina_Daikon mucked [6h Qh]
Seat 4: Dorian_Chard mucked [Kh Js]
Seat 5: Doria_Celery showed [5c 9d] and lost
Seat 6: Hero (button) showed [4s Td] and lost



PokerStars Hand #3631827210: Hold'em No Limit ($0.10/$0.25)
Table '#1286' 6-max Seat #6 is the button
Seat 1: Hero ($25 in chips)
Seat 2: Donte_Caraway ($107.05 in chips)
Seat 3: Jude_Peppers ($41.72 in chips)
Seat 4: Kacy_Radish ($22.98 in chips)
Seat 5: Jerry_Goji ($12.50 in chips)
Seat 6: Pok_Beans ($61.60 in chips)
Hero: posts small blind $0.10
Donte_Caraway: posts big blind $0.25
*** HOLE CARDS ***
Dealt to Hero [4d 7c]
Hero: Leave(Auto)
Jude_Peppers: folds
Jude_Peppers: Leave(Auto)
Kacy_Radish: raises $0.75 to $0.75
Jerry_Goji: calls $0.75
Pok_Beans: folds
Pok_Beans: Leave(Auto)
Hero: folds
Donte_Caraway: folds
Donte_Caraway: Leave(Auto)
*** FLOP *** [4c Qc 2c]
Kacy_Radish: checks
Jerry_Goji: bets $1.85
Kacy_Radish: folds
Uncalled bet ($1.85) returned to Jerry_Goji
Jerry_Goji: doesn't show hand
Jerry_Goji collected $1.76 from pot
*** SUMMARY ***
Total pot $1.76



PokerStars Hand #3631827243: Hold'em No Limit ($0.10/$0.25)
Table '#1286' 6-max Seat #5 is the button
Seat 1: Adrien_Pinto ($73.52 in chips)
Seat 2: Jone_Peach ($25.12 in chips)
Seat 3: Josue_Rhubarb ($69.63 in chips)
Seat 4: Otha_Mango ($36.38 in chips)
Seat 5: Helene_Yuzu ($31.93 in chips)
Seat 6: Hero ($24.90 in chips)
Hero: posts small blind $0.10
Adrien_Pinto: posts big blind $0.25
*** HOLE CARDS ***
Dealt to Hero [5s 3s]
Otha_Mango: Leave(Auto)
Josue_Rhubarb: Leave(Auto)
Jone_Peach: folds
Jone_Peach: Leave(Auto)
Josue_Rhubarb: folds
Otha_Mango: folds
Helene_Yuzu: raises $0.89 to $0.89
Adrien_Pinto: Leave(Auto)
Hero: calls $0.79
Adrien_Pinto: folds
*** FLOP *** [Qd 5d 9s]
Hero: checks
Helene_Yuzu: checks
*** TURN *** [Qd 5d 9s] [7c]
Hero: checks
Helene_Yuzu: bets $1.01
Hero: calls $1.01
*** RIVER *** [Qd 5d 9s 7c] [6d]
Hero: checks
Helene_Yuzu: bets $3.23
Hero: calls $3.23
*** SHOW DOWN ***
Helene_Yuzu: shows [Ad 9d] (a flush, Ace high)
Hero: Mucks [5s 3s] (One pair)
Helene_Yuzu collected $9.99 from pot
*** SUMMARY ***
Total pot $9.99



PokerStars Hand #3631827901: Hold'em No Limit ($0.10/$0.25)
Table '#1286' 6-max Seat #4 is the button
Seat 1: Hero ($19.77 in chips)
Seat 2: Keitha_Pumpkins ($39.19 in chips)
Seat 3: Chuck_Arugula ($17.79 in chips)
Seat 4: Jenna_Cucumber ($24.15 in chips)
Seat 5: Mirian_Chili ($55.36 in chips)
Seat 6: Noah_Jujube ($25 in chips)
Mirian_Chili: posts small blind $0.10
Noah_Jujube: posts big blind $0.25
*** HOLE CARDS ***
Dealt to Hero [Ad Jh]
Mirian_Chili: Leave(Auto)
Chuck_Arugula: Leave(Auto)
Keitha_Pumpkins: Leave(Auto)
Hero: raises $0.66 to $0.66
Keitha_Pumpkins: folds
Chuck_Arugula: folds
Jenna_Cucumber: folds
Jenna_Cucumber: Leave(Auto)
Mirian_Chili: folds
Noah_Jujube: calls $0.41
*** FLOP *** [4c Ts 9d]
Noah_Jujube: checks
Hero: checks
*** TURN *** [4c Ts 9d] [Qc]
Noah_Jujube: checks
Hero: checks
*** RIVER *** [4c Ts 9d Qc] [7h]
Noah_Jujube: checks
Hero: checks
*** SHOW DOWN ***
Noah_Jujube: shows [Ac 4s] (a pair of Fours)
Hero: Mucks [Ad Jh] (High Card)
Noah_Jujube collected $1.35 from pot
*** SUMMARY ***
Total pot $1.42 | Rake $0.07
Board [4c Ts 9d Qc 7h]
Seat 1: Hero mucked null
Seat 2: Keitha_Pumpkins mucked
Seat 3: Chuck_Arugula mucked
Seat 4: Jenna_Cucumber (button) mucked [Ah 8s]
Seat 5: Mirian_Chili (small blind) mucked
Seat 6: Noah_Jujube (big blind) showed [Ac 4s] and won ($1.35) with a pair of Fours



PokerStars Hand #3631828253: Hold'em No Limit ($0.10/$0.25)
Table '#1286' 6-max Seat #4 is the button
Seat 1: Hero ($19.11 in chips)
Seat 2: Danae_Rosemary ($25.69 in chips)
Seat 3: Jetta_Squash ($36.82 in chips)
Seat 4: Owen_Caraway ($36.89 in chips)
Seat 5: Stormy_Soursop ($25.25 in chips)
Seat 6: Lottie_Cherry ($55.62 in chips)
Stormy_Soursop: posts small blind $0.10
Lottie_Cherry: posts big blind $0.25
*** HOLE CARDS ***
Dealt to Hero [4s 9h]
Hero: folds
Hero: Leave(Auto)
Stormy_Soursop: Leave(Auto)
Owen_Caraway: Leave(Auto)
Danae_Rosemary: raises $0.65 to $0.65
Lottie_Cherry: Leave(Auto)
Jetta_Squash: calls $0.65
Owen_Caraway: folds
Stormy_Soursop: folds
Lottie_Cherry: folds
*** FLOP *** [2s 8h Jc]
Danae_Rosemary: bets $0.75
Jetta_Squash: calls $0.75
*** TURN *** [2s 8h Jc] [8c]
Danae_Rosemary: checks
Jetta_Squash: bets $1.90
Danae_Rosemary: calls $1.90
*** RIVER *** [2s 8h Jc 8c] [Jd]
Danae_Rosemary: checks
Jetta_Squash: bets $3.95
Danae_Rosemary: calls $3.95
*** SHOW DOWN ***
Jetta_Squash: shows [Th Jh] (a full house, Jacks full of Eights)
Danae_Rosemary: Mucks [9s 8s] (Full House)
Jetta_Squash collected $14.11 from pot
*** SUMMARY ***
Total pot $14.11



PokerStars Hand #3631828300: Hold'em No Limit ($0.10/$0.25)
Table '#1286' 6-max Seat #1 is the button
Seat 1: Hero ($19.11 in chips)
Seat 2: Twyla_Lemon ($29.32 in chips)
Seat 3: Efren_Soy ($25 in chips)
Seat 4: Dan_Prunes ($69.77 in chips)
Seat 5: Kieth_Peppers ($61.51 in chips)
Seat 6: Selena_Parsley ($41.79 in chips)
Twyla_Lemon: posts small blind $0.10
Efren_Soy: posts big blind $0.25
*** HOLE CARDS ***
Dealt to Hero [8h Jc]
Twyla_Lemon: Leave(Auto)
Dan_Prunes: folds
Dan_Prunes: Leave(Auto)
Hero: Leave(Auto)
Kieth_Peppers: folds
Kieth_Peppers: Leave(Auto)
Selena_Parsley: folds
Selena_Parsley: Leave(Auto)
Hero: folds
Twyla_Lemon: folds
Efren_Soy: doesn't show hand
Uncalled bet ($0.25) returned to Efren_Soy
Efren_Soy collected $0.10 from pot
*** SUMMARY ***
Total pot $0.10
Seat 1: Hero (button) showed [8h Jc] and lost
Seat 2: Twyla_Lemon (small blind) showed [9c 8s] and lost
Seat 3: Efren_Soy (big blind) showed [2s Ad] and won ($0.10)
Seat 4: Dan_Prunes mucked [6s Js]
Seat 5: Kieth_Peppers mucked [9s 5h]
Seat 6: Selena_Parsley mucked [Qs 6c]



PokerStars Hand #3631828339: Hold'em No Limit ($0.10/$0.25)
Table '#1286' 6-max Seat #4 is the button
Seat 1: Nelly_Marjoram ($33.16 in chips)
Seat 2: Jesus_Thyme ($54.51 in chips)
Seat 3: Kristy_Carrots ($29.22 in chips)
Seat 4: Tiny_Raisins ($69.77 in chips)
Seat 5: Aleen_Lentils ($28.21 in chips)
Seat 6: Hero ($19.11 in chips)
Aleen_Lentils: posts small blind $0.10
Hero: posts big blind $0.25
*** HOLE CARDS ***
Dealt to Hero [6s 6c]
Kristy_Carrots: Leave(Auto)
Tiny_Raisins: Leave(Auto)
Jesus_Thyme: Leave(Auto)
Nelly_Marjoram: raises $0.86 to $0.86
Jesus_Thyme: folds
Kristy_Carrots: folds
Tiny_Raisins: folds
Aleen_Lentils: calls $0.76
Hero: calls $0.61
*** FLOP *** [4d 9s Ac]
Aleen_Lentils: checks
Hero: checks
Nelly_Marjoram: checks
*** TURN *** [4d 9s Ac] [3s]
Aleen_Lentils: checks
Hero: bets $1.44
Nelly_Marjoram: raises $2.88 to $2.88
Aleen_Lentils: folds
Aleen_Lentils: Leave(Auto)
Hero: raises $6.33 to $7.77
Nelly_Marjoram: calls $4.89
*** RIVER *** [4d 9s Ac 3s] [2s]
Hero: bets $10.48 and is all-in
Nelly_Marjoram: folds
Nelly_Marjoram: Leave(Auto)
Uncalled bet ($10.48) returned to Hero
Hero: doesn't show hand
Hero collected $17.22 from pot
*** SUMMARY ***
Total pot $17.22



PokerStars Hand #3631829264: Hold'em No Limit ($0.10/$0.25)
Table '#1286' 6-max Seat #2 is the button
Seat 1: Stevie_Apricots ($79.92 in chips)
Seat 2: Leonia_Onions ($11.13 in chips)
Seat 3: Hero ($27.70 in chips)
Seat 4: Salina_Pinto ($10.57 in chips)
Seat 5: Aaron_Kiwi ($10.99 in chips)
Seat 6: Lester_Oregano ($24.57 in chips)
Hero: posts small blind $0.10
Salina_Pinto: posts big blind $0.25
*** HOLE CARDS ***
Dealt to Hero [4h 6h]
Stevie_Apricots: Leave(Auto)
Aaron_Kiwi: folds
Aaron_Kiwi: Leave(Auto)
Lester_Oregano: calls $0.25
Stevie_Apricots: folds
Leonia_Onions: calls $0.25
Hero: calls $0.15
Salina_Pinto: checks
*** FLOP *** [As 7d 8h]
Hero: checks
Salina_Pinto: checks
Lester_Oregano: bets $0.75
Leonia_Onions: folds
Leonia_Onions: Leave(Auto)
Hero: calls $0.75
Salina_Pinto: folds
Salina_Pinto: Leave(Auto)
*** TURN *** [As 7d 8h] [6s]
Hero: checks
Lester_Oregano: checks
*** RIVER *** [As 7d 8h 6s] [9h]
Hero: bets $3.33
Lester_Oregano: folds
Lester_Oregano: Leave(Auto)
Uncalled bet ($3.33) returned to Hero
Hero: doesn't show hand
Hero collected $2.38 from pot
*** SUMMARY ***
Total pot $2.50 | Rake $0.12
Board [As 7d 8h 6s 9h]
Seat 1: Stevie_Apricots showed [2d 8d] and lost
Seat 2: Leonia_Onions (button) mucked [Ts Qc]
Seat 3: Hero (small blind) showed null and won ($2.38)
Seat 4: Salina_Pinto (big blind) mucked [7s Qs]
Seat 5: Aaron_Kiwi mucked [5h 3c]
Seat 6: Lester_Oregano mucked [4c Ad]



PokerStars Hand #3631829863: Hold'em No Limit ($0.10/$0.25)
Table '#1286' 6-max Seat #6 is the button
Seat 1: Eneida_Spinach ($47.56 in chips)
Seat 2: Benton_Skirret ($96.62 in chips)
Seat 3: Cecil_Tubers ($31.91 in chips)
Seat 4: Hero ($29.08 in chips)
Seat 5: Dionna_Guava ($10.76 in chips)
Seat 6: Abbey_Kiwi ($50.79 in chips)
Eneida_Spinach: posts small blind $0.10
Benton_Skirret: posts big blind $0.25
*** HOLE CARDS ***
Dealt to Hero [8c Kc]
Dionna_Guava: Leave(Auto)
Cecil_Tubers: raises $0.50 to $0.50
Hero: folds
Hero: Leave(Auto)
Dionna_Guava: folds
Benton_Skirret: Leave(Auto)
Abbey_Kiwi: folds
Abbey_Kiwi: Leave(Auto)
Eneida_Spinach: folds
Eneida_Spinach: Leave(Auto)
Benton_Skirret: folds
Uncalled bet ($0.25) returned to Cecil_Tubers
Cecil_Tubers: doesn't show hand
Cecil_Tubers collected $0.60 from pot
*** SUMMARY ***
Total pot $0.6



PokerStars Hand #3631829923: Hold'em No Limit ($0.10/$0.25)
Table '#1286' 6-max Seat #6 is the button
Seat 1: Hero ($29.08 in chips)
Seat 2: Tyler_Carrots ($34.67 in chips)
Seat 3: Alvaro_Parsley ($24.22 in chips)
Seat 4: Kraig_Alfalfa ($96.37 in chips)
Seat 5: George_Pinto ($11.89 in chips)
Seat 6: Marica_Papaya ($24.65 in chips)
Hero: posts small blind $0.10
Tyler_Carrots: posts big blind $0.25
*** HOLE CARDS ***
Dealt to Hero [4c Qs]
Hero: Leave(Auto)
Alvaro_Parsley: folds
Alvaro_Parsley: Leave(Auto)
Kraig_Alfalfa: folds
Kraig_Alfalfa: Leave(Auto)
George_Pinto: calls $0.25
Marica_Papaya: calls $0.25
Hero: folds
Tyler_Carrots: checks
*** FLOP *** [Kh 2d Ks]
Tyler_Carrots: checks
George_Pinto: checks
Marica_Papaya: checks
*** TURN *** [Kh 2d Ks] [Qh]
Tyler_Carrots: checks
George_Pinto: checks
Marica_Papaya: bets $0.42
Tyler_Carrots: folds
Tyler_Carrots: Leave(Auto)
George_Pinto: calls $0.42
*** RIVER *** [Kh 2d Ks Qh] [5s]
George_Pinto: checks
Marica_Papaya: checks
*** SHOW DOWN ***
George_Pinto: shows [Jc Kc] (three of a kind, Kings)
Marica_Papaya: Mucks [6h 5c] (Two pair)
George_Pinto collected $1.61 from pot
*** SUMMARY ***
Total pot $1.61



PokerStars Hand #3631829969: Hold'em No Limit ($0.10/$0.25)
Table '#1286' 6-max Seat #4 is the button
Seat 1: Rocco_Cherry ($51.21 in chips)
Seat 2: Wan_Papaya ($17.05 in chips)
Seat 3: Sherly_Juniper ($12.50 in chips)
Seat 4: Scott_Jujube ($28.16 in chips)
Seat 5: Hero ($28.98 in chips)
Seat 6: Fidela_Chives ($33.37 in chips)
Hero: posts small blind $0.10
Fidela_Chives: posts big blind $0.25
*** HOLE CARDS ***
Dealt to Hero [3d Js]
Hero: Leave(Auto)
Rocco_Cherry: folds
Rocco_Cherry: Leave(Auto)
Wan_Papaya: raises $0.75 to $0.75
Sherly_Juniper: calls $0.75
Fidela_Chives: Leave(Auto)
Scott_Jujube: folds
Scott_Jujube: Leave(Auto)
Hero: folds
Fidela_Chives: folds
*** FLOP *** [Qs 5h Ah]
Wan_Papaya: bets $0.75
Sherly_Juniper: calls $0.75
*** TURN *** [Qs 5h Ah] [6c]
Wan_Papaya: checks
Sherly_Juniper: checks
*** RIVER *** [Qs 5h Ah 6c] [7h]
Wan_Papaya: bets $1.75
Sherly_Juniper: calls $1.75
*** SHOW DOWN ***
Wan_Papaya: shows [4d 4s] (a pair of Fours)
Sherly_Juniper: shows [Td Ts] (a pair of Tens)
Sherly_Juniper collected $6.51 from pot
*** SUMMARY ***
Total pot $6.85 | Rake $0.34
Board [Qs 5h Ah 6c 7h]
Seat 1: Rocco_Cherry mucked [2h 4c]
Seat 2: Wan_Papaya showed [4d 4s] and lost with a pair of Fours
Seat 3: Sherly_Juniper showed [Td Ts] and won ($6.51) with a pair of Tens
Seat 4: Scott_Jujube (button) mucked [Jd 5d]
Seat 5: Hero (small blind) mucked
Seat 6: Fidela_Chives (big blind) mucked



PokerStars Hand #3631830014: Hold'em No Limit ($0.10/$0.25)
Table '#1286' 6-max Seat #4 is the button
Seat 1: Yanira_Onions ($27.28 in chips)
Seat 2: Hero ($28.88 in chips)
Seat 3: Freeda_Alfalfa ($25.33 in chips)
Seat 4: Leon_Mulberry ($90.55 in chips)
Seat 5: Marta_Nettles ($75.22 in chips)
Seat 6: Mathew_Potatos ($28.69 in chips)
Marta_Nettles: posts small blind $0.10
Mathew_Potatos: posts big blind $0.25
*** HOLE CARDS ***
Dealt to Hero [9d 9s]
Yanira_Onions: folds
Yanira_Onions: Leave(Auto)
Leon_Mulberry: Leave(Auto)
Mathew_Potatos: Leave(Auto)
Marta_Nettles: Leave(Auto)
Freeda_Alfalfa: Leave(Auto)
Hero: raises $0.66 to $0.66
Freeda_Alfalfa: folds
Leon_Mulberry: folds
Marta_Nettles: folds
Mathew_Potatos: folds
Uncalled bet ($0.41) returned to Hero
Hero: doesn't show hand
Hero collected $0.60 from pot
*** SUMMARY ***
Total pot $0.60
Seat 1: Yanira_Onions mucked [5h Jc]
Seat 2: Hero showed null and won ($0.60)
Seat 3: Freeda_Alfalfa showed [8c Kc] and lost
Seat 4: Leon_Mulberry (button) showed [7h Ts] and lost
Seat 5: Marta_Nettles (small blind) showed [6s 7d] and lost
Seat 6: Mathew_Potatos (big blind) showed [9h 4s] and lost



PokerStars Hand #3631830153: Hold'em No Limit ($0.10/$0.25)
Table '#1286' 6-max Seat #1 is the button
Seat 1: Vanda_Parsley ($51.58 in chips)
Seat 2: Kim_Yams ($13.99 in chips)
Seat 3: Myriam_Apricots ($20.24 in chips)
Seat 4: Norene_Daikon ($26.06 in chips)
Seat 5: Larisa_Lime ($24.35 in chips)
Seat 6: Hero ($29.23 in chips)
Kim_Yams: posts small blind $0.10
Myriam_Apricots: posts big blind $0.25
*** HOLE CARDS ***
Dealt to Hero [6s Ah]
Vanda_Parsley: Leave(Auto)
Kim_Yams: Leave(Auto)
Hero: Leave(Auto)
Larisa_Lime: Leave(Auto)
Norene_Daikon: folds
Norene_Daikon: Leave(Auto)
Larisa_Lime: folds
Hero: folds
Vanda_Parsley: folds
Kim_Yams: folds
Myriam_Apricots: doesn't show hand
Uncalled bet ($0.25) returned to Myriam_Apricots
Myriam_Apricots collected $0.10 from pot
*** SUMMARY ***
Total pot $0.10
Seat 1: Vanda_Parsley (button) showed [Qs 5c] and lost
Seat 2: Kim_Yams (small blind) showed [Jc Qd] and lost
Seat 3: Myriam_Apricots (big blind) showed [9d Ts] and won ($0.10)
Seat 4: Norene_Daikon mucked [5d As]
Seat 5: Larisa_Lime showed [7c 4d] and lost
Seat 6: Hero showed [6s Ah] and lost



PokerStars Hand #3631830216: Hold'em No Limit ($0.10/$0.25)
Table '#1286' 6-max Seat #1 is the button
Seat 1: Hero ($29.23 in chips)
Seat 2: Samual_Onions ($18.55 in chips)
Seat 3: Terese_Mango ($25 in chips)
Seat 4: Buffy_Caraway ($49.18 in chips)
Seat 5: Belia_Sage ($51.21 in chips)
Seat 6: Sharyn_Apples ($28.22 in chips)
Samual_Onions: posts small blind $0.10
Terese_Mango: posts big blind $0.25
*** HOLE CARDS ***
Dealt to Hero [Js 6s]
Sharyn_Apples: Leave(Auto)
Buffy_Caraway: raises $0.75 to $0.75
Hero: Leave(Auto)
Samual_Onions: Leave(Auto)
Belia_Sage: folds
Belia_Sage: Leave(Auto)
Sharyn_Apples: folds
Hero: folds
Samual_Onions: folds
Terese_Mango: folds
Terese_Mango: Leave(Auto)
Uncalled bet ($0.50) returned to Buffy_Caraway
Buffy_Caraway: doesn't show hand
Buffy_Caraway collected $0.60 from pot
*** SUMMARY ***
Total pot $0.6



PokerStars Hand #3631830292: Hold'em No Limit ($0.10/$0.25)
Table '#1286' 6-max Seat #5 is the button
Seat 1: Kiana_Celeriac ($36.01 in chips)
Seat 2: Melda_Daikon ($16.24 in chips)
Seat 3: Eric_Nettles ($34.42 in chips)
Seat 4: Shila_Mulberry ($25.33 in chips)
Seat 5: Glynis_Beans ($32.01 in chips)
Seat 6: Hero ($29.23 in chips)
Hero: posts small blind $0.10
Kiana_Celeriac: posts big blind $0.25
*** HOLE CARDS ***
Dealt to Hero [As Kh]
Glynis_Beans: Leave(Auto)
Melda_Daikon: calls $0.25
Eric_Nettles: folds
Eric_Nettles: Leave(Auto)
Shila_Mulberry: folds
Shila_Mulberry: Leave(Auto)
Glynis_Beans: folds
Hero: raises $1.01 to $1.11
Melda_Daikon: Leave(Auto)
Kiana_Celeriac: folds
Kiana_Celeriac: Leave(Auto)
Melda_Daikon: folds
Uncalled bet ($0.86) returned to Hero
Hero: doesn't show hand
Hero collected $0.75 from pot
*** SUMMARY ***
Total pot $0.75
Seat 1: Kiana_Celeriac (big blind) mucked [6c 2h]
Seat 2: Melda_Daikon showed [9s Ks] and lost
Seat 3: Eric_Nettles mucked [6h 9c]
Seat 4: Shila_Mulberry mucked [Tc 4s]
Seat 5: Glynis_Beans (button) showed [9d 7s] and lost
Seat 6: Hero (small blind) showed null and won ($0.75)



PokerStars Hand #3631830641: Hold'em No Limit ($0.10/$0.25)
Table '#1286' 6-max Seat #6 is the button
Seat 1: Rodney_Soursop ($11.48 in chips)
Seat 2: Hero ($29.73 in chips)
Seat 3: Dolly_Turnips ($25.64 in chips)
Seat 4: Gertie_Coconuts ($27.64 in chips)
Seat 5: Johnie_Apricots ($28.41 in chips)
Seat 6: Ligia_Wasabi ($31.76 in chips)
Rodney_Soursop: posts small blind $0.10
Hero: posts big blind $0.25
*** HOLE CARDS ***
Dealt to Hero [3h 8h]
Gertie_Coconuts: Leave(Auto)
Rodney_Soursop: Leave(Auto)
Johnie_Apricots: Leave(Auto)
Ligia_Wasabi: Leave(Auto)
Dolly_Turnips: folds
Dolly_Turnips: Leave(Auto)
Gertie_Coconuts: folds
Johnie_Apricots: folds
Ligia_Wasabi: folds
Rodney_Soursop: folds
Hero: doesn't show hand
Uncalled bet ($0.25) returned to Hero
Hero collected $0.10 from pot
*** SUMMARY ***
Total pot $0.1



PokerStars Hand #3631830803: Hold'em No Limit ($0.10/$0.25)
Table '#1286' 6-max Seat #6 is the button
Seat 1: Sergio_Daikon ($27.31 in chips)
Seat 2: Blake_Bananas ($26.14 in chips)
Seat 3: Corie_Rosemary ($24.75 in chips)
Seat 4: Hero ($29.83 in chips)
Seat 5: Teisha_Cilantro ($13.94 in chips)
Seat 6: Agnus_Turnips ($23.22 in chips)
Sergio_Daikon: posts small blind $0.10
Blake_Bananas: posts big blind $0.25
*** HOLE CARDS ***
Dealt to Hero [Js 2d]
Sergio_Daikon: Leave(Auto)
Blake_Bananas: Leave(Auto)
Hero: Leave(Auto)
Corie_Rosemary: raises $0.75 to $0.75
Hero: folds
Teisha_Cilantro: raises $1.25 to $1.25
Agnus_Turnips: folds
Agnus_Turnips: Leave(Auto)
Sergio_Daikon: folds
Blake_Bananas: folds
Corie_Rosemary: calls $0.50
*** FLOP *** [8c Qc 7s]
Corie_Rosemary: checks
Teisha_Cilantro: checks
*** TURN *** [8c Qc 7s] [Kc]
Corie_Rosemary: checks
Teisha_Cilantro: checks
*** RIVER *** [8c Qc 7s Kc] [6c]
Corie_Rosemary: checks
Teisha_Cilantro: checks
*** SHOW DOWN ***
Corie_Rosemary: shows [Ts Th] (a pair of Tens)
Teisha_Cilantro: shows [2s Ks] (a pair of Kings)
Teisha_Cilantro collected $2.71 from pot
*** SUMMARY ***
Total pot $2.71



PokerStars Hand #3631830874: Hold'em No Limit ($0.10/$0.25)
Table '#1286' 6-max Seat #5 is the button
Seat 1: Maira_Habanero ($14.77 in chips)
Seat 2: Hero ($29.83 in chips)
Seat 3: Leroy_Potatos ($24.24 in chips)
Seat 4: Lashon_Papaya ($15.49 in chips)
Seat 5: Brooks_Soy ($22.47 in chips)
Seat 6: Jules_Fennel ($52.31 in chips)
Jules_Fennel: posts small blind $0.10
Maira_Habanero: posts big blind $0.25
*** HOLE CARDS ***
Dealt to Hero [Ah 5h]
Jules_Fennel: Leave(Auto)
Lashon_Papaya: Leave(Auto)
Hero: raises $0.66 to $0.66
Maira_Habanero: Leave(Auto)
Leroy_Potatos: calls $0.66
Lashon_Papaya: folds
Brooks_Soy: calls $0.66
Jules_Fennel: folds
Maira_Habanero: folds
*** FLOP *** [2d 6h 4s]
Hero: bets $1.22
Leroy_Potatos: folds
Leroy_Potatos: Leave(Auto)
Brooks_Soy: folds
Uncalled bet ($1.22) returned to Hero
Hero: doesn't show hand
Hero collected $2.22 from pot
*** SUMMARY ***
Total pot $2.33 | Rake $0.11
Board [2d 6h 4s]
Seat 1: Maira_Habanero (big blind) showed [6s 3d] and lost
Seat 2: Hero showed null and won ($2.22)
Seat 3: Leroy_Potatos mucked [Jh 9h]
Seat 4: Lashon_Papaya showed [8d Kc] and lost
Seat 5: Brooks_Soy (button) mucked [8c 9c]
Seat 6: Jules_Fennel (small blind) showed [6c 4h] and lost



PokerStars Hand #3631831235: Hold'em No Limit ($0.10/$0.25)
Table '#1286' 6-max Seat #4 is the button
Seat 1: Britt_Sage ($59.67 in chips)
Seat 2: Hero ($31.39 in chips)
Seat 3: Alane_Parnsip ($5.16 in chips)
Seat 4: Elaina_Lemon ($46.62 in chips)
Seat 5: Barbar_Kiwi ($63.81 in chips)
Seat 6: Kelle_Turnips ($19.35 in chips)
Barbar_Kiwi: posts small blind $0.10
Kelle_Turnips: posts big blind $0.25
*** HOLE CARDS ***
Dealt to Hero [5d Ah]
Britt_Sage: folds
Britt_Sage: Leave(Auto)
Barbar_Kiwi: Leave(Auto)
Elaina_Lemon: Leave(Auto)
Hero: folds
Hero: Leave(Auto)
Alane_Parnsip: folds
Alane_Parnsip: Leave(Auto)
Elaina_Lemon: folds
Barbar_Kiwi: folds
Kelle_Turnips: doesn't show hand
Uncalled bet ($0.25) returned to Kelle_Turnips
Kelle_Turnips collected $0.10 from pot
*** SUMMARY ***
Total pot $0.1



PokerStars Hand #3631831290: Hold'em No Limit ($0.10/$0.25)
Table '#1286' 6-max Seat #3 is the button
Seat 1: Carman_Quinoa ($17.10 in chips)
Seat 2: Keri_Plum ($20.36 in chips)
Seat 3: Phylis_Kiwi ($73.93 in chips)
Seat 4: Hero ($31.39 in chips)
Seat 5: Elnora_Plum ($25.89 in chips)
Seat 6: Ismael_Onions ($24.57 in chips)
Hero: posts small blind $0.10
Elnora_Plum: posts big blind $0.25
*** HOLE CARDS ***
Dealt to Hero [Qd 6s]
Keri_Plum: Leave(Auto)
Phylis_Kiwi: Leave(Auto)
Carman_Quinoa: Leave(Auto)
Hero: Leave(Auto)
Ismael_Onions: folds
Ismael_Onions: Leave(Auto)
Carman_Quinoa: folds
Keri_Plum: folds
Phylis_Kiwi: folds
Hero: folds
Elnora_Plum: doesn't show hand
Uncalled bet ($0.25) returned to Elnora_Plum
Elnora_Plum collected $0.10 from pot
*** SUMMARY ***
Total pot $0.1



PokerStars Hand #3631831336: Hold'em No Limit ($0.10/$0.25)
Table '#1286' 6-max Seat #4 is the button
Seat 1: Carey_Cilantro ($26.86 in chips)
Seat 2: Paris_Apricots ($13.77 in chips)
Seat 3: Armida_Ginger ($36.98 in chips)
Seat 4: Margy_Lentils ($28.63 in chips)
Seat 5: Hero ($31.29 in chips)
Seat 6: Kathey_Okra ($61.64 in chips)
Hero: posts small blind $0.10
Kathey_Okra: posts big blind $0.25
*** HOLE CARDS ***
Dealt to Hero [4h Ad]
Paris_Apricots: Leave(Auto)
Carey_Cilantro: folds
Carey_Cilantro: Leave(Auto)
Paris_Apricots: folds
Margy_Lentils: Leave(Auto)
Armida_Ginger: raises $0.50 to $0.50
Margy_Lentils: folds
Hero: folds
Hero: Leave(Auto)
Kathey_Okra: calls $0.25
*** FLOP *** [6s 7d 9d]
Kathey_Okra: checks
Armida_Ginger: checks
*** TURN *** [6s 7d 9d] [8s]
Kathey_Okra: bets $1.85
Armida_Ginger: folds
Armida_Ginger: Leave(Auto)
Uncalled bet ($1.85) returned to Kathey_Okra
Kathey_Okra: doesn't show hand
Kathey_Okra collected $1.05 from pot
*** SUMMARY ***
Total pot $1.05



PokerStars Hand #3631831447: Hold'em No Limit ($0.10/$0.25)
Table '#1286' 6-max Seat #4 is the button
Seat 1: Tamela_Grapes ($35.70 in chips)
Seat 2: Jaye_Papaya ($25.57 in chips)
Seat 3: Astrid_Rhubarb ($51.58 in chips)
Seat 4: Brenna_Quinoa ($28.63 in chips)
Seat 5: Larue_Tat Soi ($73.83 in chips)
Seat 6: Hero ($31.19 in chips)
Larue_Tat Soi: posts small blind $0.10
Hero: posts big blind $0.25
*** HOLE CARDS ***
Dealt to Hero [Qs 9s]
Larue_Tat Soi: Leave(Auto)
Tamela_Grapes: folds
Tamela_Grapes: Leave(Auto)
Brenna_Quinoa: Leave(Auto)
Jaye_Papaya: folds
Jaye_Papaya: Leave(Auto)
Astrid_Rhubarb: raises $0.55 to $0.55
Brenna_Quinoa: folds
Larue_Tat Soi: folds
Hero: calls $0.30
*** FLOP *** [Ad 6d 5h]
Hero: checks
Astrid_Rhubarb: bets $0.45
Hero: folds
Hero: Leave(Auto)
Uncalled bet ($0.45) returned to Astrid_Rhubarb
Astrid_Rhubarb: doesn't show hand
Astrid_Rhubarb collected $1.14 from pot
*** SUMMARY ***
Total pot $1.14



PokerStars Hand #3631831736: Hold'em No Limit ($0.10/$0.25)
Table '#1286' 6-max Seat #6 is the button
Seat 1: Jody_Basil ($37.90 in chips)
Seat 2: Sean_Melon ($26.84 in chips)
Seat 3: Elisha_Satsuma ($62.09 in chips)
Seat 4: Alyson_Potatos ($10.15 in chips)
Seat 5: Hero ($30.64 in chips)
Seat 6: Cammie_Caraway ($93.24 in chips)
Jody_Basil: posts small blind $0.10
Sean_Melon: posts big blind $0.25
*** HOLE CARDS ***
Dealt to Hero [Td Jc]
Cammie_Caraway: Leave(Auto)
Elisha_Satsuma: folds
Elisha_Satsuma: Leave(Auto)
Alyson_Potatos: raises $0.75 to $0.75
Hero: folds
Hero: Leave(Auto)
Cammie_Caraway: folds
Jody_Basil: folds
Jody_Basil: Leave(Auto)
Sean_Melon: raises $1.50 to $1.75
Alyson_Potatos: calls $1
*** FLOP *** [7d 4c 7c]
Sean_Melon: bets $1.75
Alyson_Potatos: calls $1.75
*** TURN *** [7d 4c 7c] [9c]
Sean_Melon: checks
Alyson_Potatos: checks
*** RIVER *** [7d 4c 7c 9c] [Kh]
Sean_Melon: bets $3
Alyson_Potatos: raises $6 to $6
Sean_Melon: calls $3
*** SHOW DOWN ***
Alyson_Potatos: shows [4d 4s] (a full house, Fours full of Sevens)
Sean_Melon: Mucks [Ah Ac] (Two pair)
Alyson_Potatos collected $18.15 from pot
*** SUMMARY ***
Total pot $18.15



PokerStars Hand #3631831833: Hold'em No Limit ($0.10/$0.25)
Table '#1286' 6-max Seat #6 is the button
Seat 1: Nelda_Lavender ($31.69 in chips)
Seat 2: Major_Parsley ($15.15 in chips)
Seat 3: Myesha_Leek ($23.85 in chips)
Seat 4: Hero ($30.64 in chips)
Seat 5: Eileen_Beans ($20.01 in chips)
Seat 6: Claris_Nettles ($5.93 in chips)
Nelda_Lavender: posts small blind $0.10
Major_Parsley: posts big blind $0.25
*** HOLE CARDS ***
Dealt to Hero [8d 4d]
Claris_Nettles: Leave(Auto)
Hero: Leave(Auto)
Myesha_Leek: raises $0.60 to $0.60
Hero: folds
Eileen_Beans: folds
Eileen_Beans: Leave(Auto)
Claris_Nettles: folds
Nelda_Lavender: calls $0.50
Major_Parsley: folds
Major_Parsley: Leave(Auto)
*** FLOP *** [8s Qd Qh]
Nelda_Lavender: checks
Myesha_Leek: bets $0.75
Nelda_Lavender: calls $0.75
*** TURN *** [8s Qd Qh] [Jh]
Nelda_Lavender: checks
Myesha_Leek: checks
*** RIVER *** [8s Qd Qh Jh] [3s]
Nelda_Lavender: bets $2
Myesha_Leek: calls $2
*** SHOW DOWN ***
Nelda_Lavender: shows [2c 2s] (two pair, Queens and Deuces)
Myesha_Leek: shows [5d 5h] (two pair, Queens and Fives)
Myesha_Leek collected $6.61 from pot
*** SUMMARY ***
Total pot $6.61



PokerStars Hand #3631831873: Hold'em No Limit ($0.10/$0.25)
Table '#1286' 6-max Seat #2 is the button
Seat 1: Orpha_Skirret ($24.25 in chips)
Seat 2: Chas_Kiwi ($28.08 in chips)
Seat 3: Izola_Dates ($5.93 in chips)
Seat 4: Xuan_Lentils ($19.33 in chips)
Seat 5: Catina_Pumpkins ($25.06 in chips)
Seat 6: Hero ($30.64 in chips)
Izola_Dates: posts small blind $0.10
Xuan_Lentils: posts big blind $0.25
*** HOLE CARDS ***
Dealt to Hero [9h Qs]
Orpha_Skirret: Leave(Auto)
Hero: Leave(Auto)
Catina_Pumpkins: raises $0.75 to $0.75
Hero: folds
Orpha_Skirret: folds
Izola_Dates: Leave(Auto)
Xuan_Lentils: Leave(Auto)
Chas_Kiwi: folds
Chas_Kiwi: Leave(Auto)
Izola_Dates: folds
Xuan_Lentils: folds
Uncalled bet ($0.50) returned to Catina_Pumpkins
Catina_Pumpkins: doesn't show hand
Catina_Pumpkins collected $0.60 from pot
*** SUMMARY ***
Total pot $0.6



PokerStars Hand #3631831921: Hold'em No Limit ($0.10/$0.25)
Table '#1286' 6-max Seat #1 is the button
Seat 1: Rivka_Soursop ($52.35 in chips)
Seat 2: Lyman_Lavender ($43.37 in chips)
Seat 3: Remona_Soy ($30.44 in chips)
Seat 4: Hero ($30.64 in chips)
Seat 5: Juliet_Thyme ($45.36 in chips)
Seat 6: Roslyn_Yams ($52.07 in chips)
Lyman_Lavender: posts small blind $0.10
Remona_Soy: posts big blind $0.25
*** HOLE CARDS ***
Dealt to Hero [6s 5c]
Juliet_Thyme: Leave(Auto)
Roslyn_Yams: Leave(Auto)
Rivka_Soursop: Leave(Auto)
Remona_Soy: Leave(Auto)
Hero: folds
Hero: Leave(Auto)
Juliet_Thyme: folds
Roslyn_Yams: folds
Rivka_Soursop: folds
Lyman_Lavender: folds
Lyman_Lavender: Leave(Auto)
*** SHOW DOWN ***
Remona_Soy: shows [3d 8d] (high card Three)
Uncalled bet ($0.25) returned to Remona_Soy
Remona_Soy collected $0.10 from pot
*** SUMMARY ***
Total pot $0.1



PokerStars Hand #3631831970: Hold'em No Limit ($0.10/$0.25)
Table '#1286' 6-max Seat #4 is the button
Seat 1: Jason_Sage ($26.08 in chips)
Seat 2: Cody_Chili ($19.25 in chips)
Seat 3: Delpha_Carrots ($30.19 in chips)
Seat 4: Hero ($30.64 in chips)
Seat 5: Deedra_Habanero ($70.48 in chips)
Seat 6: Junko_Sage ($28.31 in chips)
Deedra_Habanero: posts small blind $0.10
Junko_Sage: posts big blind $0.25
*** HOLE CARDS ***
Dealt to Hero [2s As]
Junko_Sage: Leave(Auto)
Delpha_Carrots: Leave(Auto)
Jason_Sage: raises $0.75 to $0.75
Deedra_Habanero: Leave(Auto)
Cody_Chili: calls $0.75
Delpha_Carrots: folds
Hero: raises $2.55 to $2.55
Deedra_Habanero: folds
Junko_Sage: folds
Cody_Chili: Leave(Auto)
Jason_Sage: folds
Jason_Sage: Leave(Auto)
Cody_Chili: folds
Uncalled bet ($1.80) returned to Hero
Hero: doesn't show hand
Hero collected $2.60 from pot
*** SUMMARY ***
Total pot $2.60
Seat 1: Jason_Sage mucked [Jh Ks]
Seat 2: Cody_Chili showed [2c 2h] and lost
Seat 3: Delpha_Carrots showed [Js 7s] and lost
Seat 4: Hero (button) showed null and won ($2.60)
Seat 5: Deedra_Habanero (small blind) showed [Ts Ad] and lost
Seat 6: Junko_Sage (big blind) showed [4d 3h] and lost



PokerStars Hand #3631832452: Hold'em No Limit ($0.10/$0.25)
Table '#1286' 6-max Seat #3 is the button
Seat 1: Nona_Paprika ($25.01 in chips)
Seat 2: Pa_Quinoa ($5.26 in chips)
Seat 3: Denyse_Lentils ($29.53 in chips)
Seat 4: Verla_Alfalfa ($34.94 in chips)
Seat 5: Hero ($32.49 in chips)
Seat 6: Carol_Thyme ($78.98 in chips)
Verla_Alfalfa: posts small blind $0.10
Hero: posts big blind $0.25
*** HOLE CARDS ***
Dealt to Hero [3s 8s]
Denyse_Lentils: Leave(Auto)
Pa_Quinoa: Leave(Auto)
Carol_Thyme: folds
Carol_Thyme: Leave(Auto)
Nona_Paprika: raises $0.60 to $0.60
Pa_Quinoa: folds
Denyse_Lentils: folds
Verla_Alfalfa: folds
Verla_Alfalfa: Leave(Auto)
Hero: calls $0.35
*** FLOP *** [2s 4s Ac]
Hero: checks
Nona_Paprika: checks
*** TURN *** [2s 4s Ac] [6s]
Hero: bets $0.77
Nona_Paprika: calls $0.77
*** RIVER *** [2s 4s Ac 6s] [Ks]
Hero: checks
Nona_Paprika: checks
*** SHOW DOWN ***
Hero: shows null (a flush, King high)
Nona_Paprika: Mucks [7c 7s] (Flush)
Hero collected $2.70 from pot
*** SUMMARY ***
Total pot $2.7



PokerStars Hand #3631832942: Hold'em No Limit ($0.10/$0.25)
Table '#1286' 6-max Seat #1 is the button
Seat 1: Jarod_Soursop ($36.18 in chips)
Seat 2: Hero ($33.82 in chips)
Seat 3: Carlos_Cherry ($28.68 in chips)
Seat 4: Roy_Fennel ($10.55 in chips)
Seat 5: Mikel_Lettuce ($32.98 in chips)
Seat 6: Corine_Honeydew ($18.28 in chips)
Hero: posts small blind $0.10
Carlos_Cherry: posts big blind $0.25
*** HOLE CARDS ***
Dealt to Hero [7s Qs]
Jarod_Soursop: Leave(Auto)
Roy_Fennel: folds
Roy_Fennel: Leave(Auto)
Mikel_Lettuce: folds
Mikel_Lettuce: Leave(Auto)
Corine_Honeydew: raises $0.90 to $0.90
Jarod_Soursop: folds
Hero: folds
Hero: Leave(Auto)
Carlos_Cherry: folds
Carlos_Cherry: Leave(Auto)
Uncalled bet ($0.65) returned to Corine_Honeydew
Corine_Honeydew: doesn't show hand
Corine_Honeydew collected $0.60 from pot
*** SUMMARY ***
Total pot $0.6



PokerStars Hand #3631833122: Hold'em No Limit ($0.10/$0.25)
Table '#1286' 6-max Seat #6 is the button
Seat 1: Ramon_Basil ($39.08 in chips)
Seat 2: Delmy_Oregano ($62.88 in chips)
Seat 3: Kelly_Kohlrabi ($70.07 in chips)
Seat 4: Hero ($33.72 in chips)
Seat 5: Kisha_Anise ($33.98 in chips)
Seat 6: Cicely_Coconuts ($17.68 in chips)
Ramon_Basil: posts small blind $0.10
Delmy_Oregano: posts big blind $0.25
*** HOLE CARDS ***
Dealt to Hero [2h 4d]
Kisha_Anise: Leave(Auto)
Kelly_Kohlrabi: folds
Kelly_Kohlrabi: Leave(Auto)
Hero: folds
Hero: Leave(Auto)
Kisha_Anise: folds
Cicely_Coconuts: folds
Cicely_Coconuts: Leave(Auto)
Ramon_Basil: raises $0.65 to $0.75
Delmy_Oregano: calls $0.50
*** FLOP *** [4h Js 3s]
Ramon_Basil: checks
Delmy_Oregano: checks
*** TURN *** [4h Js 3s] [5d]
Ramon_Basil: bets $1
Delmy_Oregano: raises $2 to $2
Ramon_Basil: folds
Ramon_Basil: Leave(Auto)
Uncalled bet ($1) returned to Delmy_Oregano
Delmy_Oregano: doesn't show hand
Delmy_Oregano collected $3.33 from pot
*** SUMMARY ***
Total pot $3.50 | Rake $0.17
Board [4h Js 3s 5d]
Seat 1: Ramon_Basil (small blind) mucked [Kd 7d]
Seat 2: Delmy_Oregano (big blind) showed [2d 6d] and won ($3.33)
Seat 3: Kelly_Kohlrabi mucked [5h Jh]
Seat 4: Hero mucked null
Seat 5: Kisha_Anise showed [8c 6h] and lost
Seat 6: Cicely_Coconuts (button) mucked [Th 2c]



PokerStars Hand #3631833193: Hold'em No Limit ($0.10/$0.25)
Table '#1286' 6-max Seat #2 is the button
Seat 1: Fatima_Pears ($27.29 in chips)
Seat 2: Laci_Ginger ($38.56 in chips)
Seat 3: Krissy_Chili ($26.69 in chips)
Seat 4: Echo_Rutabaga ($18.63 in chips)
Seat 5: Genaro_Cucumber ($23.66 in chips)
Seat 6: Hero ($33.72 in chips)
Krissy_Chili: posts small blind $0.10
Echo_Rutabaga: posts big blind $0.25
*** HOLE CARDS ***
Dealt to Hero [9s 2s]
Hero: Leave(Auto)
Genaro_Cucumber: folds
Genaro_Cucumber: Leave(Auto)
Hero: folds
Fatima_Pears: raises $0.75 to $0.75
Laci_Ginger: calls $0.75
Krissy_Chili: raises $2.90 to $3
Echo_Rutabaga: calls $2.75
Fatima_Pears: folds
Laci_Ginger: folds
Laci_Ginger: Leave(Auto)
*** FLOP *** [4d 8c Ks]
Krissy_Chili: checks
Echo_Rutabaga: checks
*** TURN *** [4d 8c Ks] [Jd]
Krissy_Chili: checks
Echo_Rutabaga: checks
*** RIVER *** [4d 8c Ks Jd] [6s]
Krissy_Chili: bets $2.50
Echo_Rutabaga: raises $8.48 to $8.48
Krissy_Chili: calls $5.98
*** SHOW DOWN ***
Echo_Rutabaga: shows [7s As] (high card Ace)
Krissy_Chili: shows [Jh Ac] (a pair of Jacks)
Krissy_Chili collected $23.24 from pot
*** SUMMARY ***
Total pot $23.24



PokerStars Hand #3631833245: Hold'em No Limit ($0.10/$0.25)
Table '#1286' 6-max Seat #1 is the button
Seat 1: Maisha_Ugli ($32.17 in chips)
Seat 2: Rachal_Lychee ($92.04 in chips)
Seat 3: Oretha_Carrots ($44.11 in chips)
Seat 4: Tegan_Beets ($31.12 in chips)
Seat 5: Hero ($33.72 in chips)
Seat 6: Adam_Prunes ($15.37 in chips)
Rachal_Lychee: posts small blind $0.10
Oretha_Carrots: posts big blind $0.25
*** HOLE CARDS ***
Dealt to Hero [Th Tc]
Tegan_Beets: folds
Tegan_Beets: Leave(Auto)
Hero: raises $0.66 to $0.66
Oretha_Carrots: Leave(Auto)
Maisha_Ugli: Leave(Auto)
Adam_Prunes: calls $0.66
Maisha_Ugli: folds
Rachal_Lychee: folds
Rachal_Lychee: Leave(Auto)
Oretha_Carrots: folds
*** FLOP *** [7s 6h 7d]
Hero: bets $0.99
Adam_Prunes: folds
Adam_Prunes: Leave(Auto)
Uncalled bet ($0.99) returned to Hero
Hero: doesn't show hand
Hero collected $1.59 from pot
*** SUMMARY ***
Total pot $1.59



PokerStars Hand #3631833584: Hold'em No Limit ($0.10/$0.25)
Table '#1286' 6-max Seat #6 is the button
Seat 1: Portia_Peach ($26.04 in chips)
Seat 2: Ariel_Tabasco ($47 in chips)
Seat 3: Sharen_Skirret ($12.75 in chips)
Seat 4: Alta_Turnips ($35.51 in chips)
Seat 5: Corie_Shallot ($27.60 in chips)
Seat 6: Hero ($34.65 in chips)
Portia_Peach: posts small blind $0.10
Ariel_Tabasco: posts big blind $0.25
*** HOLE CARDS ***
Dealt to Hero [Kc 3c]
Corie_Shallot: Leave(Auto)
Sharen_Skirret: folds
Sharen_Skirret: Leave(Auto)
Alta_Turnips: raises $0.75 to $0.75
Corie_Shallot: folds
Hero: folds
Hero: Leave(Auto)
Portia_Peach: folds
Portia_Peach: Leave(Auto)
Ariel_Tabasco: folds
Ariel_Tabasco: Leave(Auto)
Uncalled bet ($0.50) returned to Alta_Turnips
Alta_Turnips: doesn't show hand
Alta_Turnips collected $0.60 from pot
*** SUMMARY ***
Total pot $0.6



PokerStars Hand #3631833681: Hold'em No Limit ($0.10/$0.25)
Table '#1286' 6-max Seat #6 is the button
Seat 1: Akiko_Kale ($27.63 in chips)
Seat 2: Hero ($34.65 in chips)
Seat 3: Fumiko_Daikon ($36.61 in chips)
Seat 4: Kurtis_Marjoram ($18.87 in chips)
Seat 5: Wan_Jalapeño ($23.41 in chips)
Seat 6: Alex_Raisins ($10.70 in chips)
Akiko_Kale: posts small blind $0.10
Hero: posts big blind $0.25
*** HOLE CARDS ***
Dealt to Hero [3h Ad]
Fumiko_Daikon: folds
Fumiko_Daikon: Leave(Auto)
Kurtis_Marjoram: folds
Kurtis_Marjoram: Leave(Auto)
Wan_Jalapeño: folds
Wan_Jalapeño: Leave(Auto)
Akiko_Kale: Leave(Auto)
Alex_Raisins: raises $0.50 to $0.50
Akiko_Kale: folds
Hero: calls $0.25
*** FLOP *** [Qh 7c Qc]
Hero: checks
Alex_Raisins: bets $0.25
Hero: calls $0.25
*** TURN *** [Qh 7c Qc] [As]
Hero: checks
Alex_Raisins: bets $0.25
Hero: calls $0.25
*** RIVER *** [Qh 7c Qc As] [Tc]
Hero: checks
Alex_Raisins: bets $0.25
Hero: calls $0.25
*** SHOW DOWN ***
Alex_Raisins: shows [9h Ks] (a pair of Queens)
Hero: shows [3h Ad] (two pair, Aces and Queens)
Hero collected $2.47 from pot
*** SUMMARY ***
Total pot $2.60 | Rake $0.13
Board [Qh 7c Qc As Tc]
Seat 1: Akiko_Kale (small blind) mucked
Seat 2: Hero (big blind) showed null and won ($2.47) with two pair, Aces and Queens
Seat 3: Fumiko_Daikon mucked [Kd 6s]
Seat 4: Kurtis_Marjoram mucked [Th 4d]
Seat 5: Wan_Jalapeño mucked [Ac 6d]
Seat 6: Alex_Raisins (button) showed [9h Ks] and lost with a pair of Queens



PokerStars Hand #3631834123: Hold'em No Limit ($0.10/$0.25)
Table '#1286' 6-max Seat #1 is the button
Seat 1: Hero ($35.87 in chips)
Seat 2: Lanita_Rhubarb ($9.45 in chips)
Seat 3: Cleo_Yuzu ($28.19 in chips)
Seat 4: Vance_Honeydew ($38.45 in chips)
Seat 5: Kasie_Arugula ($7.15 in chips)
Seat 6: Torrie_Rambutan ($27.68 in chips)
Lanita_Rhubarb: posts small blind $0.10
Cleo_Yuzu: posts big blind $0.25
*** HOLE CARDS ***
Dealt to Hero [8h 6s]
Torrie_Rambutan: Leave(Auto)
Vance_Honeydew: folds
Vance_Honeydew: Leave(Auto)
Hero: Leave(Auto)
Kasie_Arugula: folds
Kasie_Arugula: Leave(Auto)
Torrie_Rambutan: folds
Hero: folds
Lanita_Rhubarb: folds
Cleo_Yuzu: doesn't show hand
Uncalled bet ($0.25) returned to Cleo_Yuzu
Cleo_Yuzu collected $0.10 from pot
*** SUMMARY ***
Total pot $0.10
Seat 1: Hero (button) showed [8h 6s] and lost
Seat 2: Lanita_Rhubarb (small blind) mucked [9s 2d]
Seat 3: Cleo_Yuzu (big blind) showed [3h 7d] and won ($0.10)
Seat 4: Vance_Honeydew mucked [Qh 8c]
Seat 5: Kasie_Arugula mucked [4c As]
Seat 6: Torrie_Rambutan showed [3d 4s] and lost



PokerStars Hand #3631834175: Hold'em No Limit ($0.10/$0.25)
Table '#1286' 6-max Seat #1 is the button
Seat 1: Renate_Radish ($27.68 in chips)
Seat 2: Ja_Oregano ($38.45 in chips)
Seat 3: Maxima_Prunes ($23.61 in chips)
Seat 4: Tobias_Kiwi ($26.40 in chips)
Seat 5: Jovita_Soy ($24.25 in chips)
Seat 6: Hero ($35.87 in chips)
Ja_Oregano: posts small blind $0.10
Maxima_Prunes: posts big blind $0.25
*** HOLE CARDS ***
Dealt to Hero [8h Ac]
Tobias_Kiwi: folds
Tobias_Kiwi: Leave(Auto)
Jovita_Soy: folds
Jovita_Soy: Leave(Auto)
Hero: folds
Hero: Leave(Auto)
Renate_Radish: folds
Renate_Radish: Leave(Auto)
Ja_Oregano: raises $0.65 to $0.75
Maxima_Prunes: folds
Maxima_Prunes: Leave(Auto)
Uncalled bet ($0.50) returned to Ja_Oregano
Ja_Oregano: doesn't show hand
Ja_Oregano collected $0.50 from pot
*** SUMMARY ***
Total pot $0.50
Seat 1: Renate_Radish (button) mucked [Ts 4h]
Seat 2: Ja_Oregano (small blind) showed [7h 7d] and won ($0.50)
Seat 3: Maxima_Prunes (big blind) mucked [4d 3c]
Seat 4: Tobias_Kiwi mucked [9c 5h]
Seat 5: Jovita_Soy mucked [Qs Jc]
Seat 6: Hero mucked null



PokerStars Hand #3631834233: Hold'em No Limit ($0.10/$0.25)
Table '#1286' 6-max Seat #3 is the button
Seat 1: Joe_Olive ($18.32 in chips)
Seat 2: Vida_Spinach ($24.25 in chips)
Seat 3: Agueda_Yams ($36.48 in chips)
Seat 4: Hero ($35.87 in chips)
Seat 5: Son_Shallot ($24.20 in chips)
Seat 6: Leon_Skirret ($48.78 in chips)
Hero: posts small blind $0.10
Son_Shallot: posts big blind $0.25
*** HOLE CARDS ***
Dealt to Hero [9c Th]
Son_Shallot: Leave(Auto)
Agueda_Yams: Leave(Auto)
Vida_Spinach: Leave(Auto)
Leon_Skirret: folds
Leon_Skirret: Leave(Auto)
Joe_Olive: folds
Joe_Olive: Leave(Auto)
Vida_Spinach: folds
Agueda_Yams: folds
Hero: calls $0.15
Son_Shallot: checks
*** FLOP *** [Ac Jc 9h]
Hero: checks
Son_Shallot: checks
*** TURN *** [Ac Jc 9h] [8d]
Hero: bets $0.30
Son_Shallot: folds
Uncalled bet ($0.30) returned to Hero
Hero: doesn't show hand
Hero collected $0.48 from pot
*** SUMMARY ***
Total pot $0.48



PokerStars Hand #3631834511: Hold'em No Limit ($0.10/$0.25)
Table '#1286' 6-max Seat #1 is the button
Seat 1: Earlie_Rosemary ($63.46 in chips)
Seat 2: Lyndia_Lime ($7.05 in chips)
Seat 3: Ona_Dates ($25 in chips)
Seat 4: Barrie_Garlic ($41.32 in chips)
Seat 5: Gerald_Satsuma ($21.09 in chips)
Seat 6: Hero ($36.10 in chips)
Lyndia_Lime: posts small blind $0.10
Ona_Dates: posts big blind $0.25
*** HOLE CARDS ***
Dealt to Hero [Ac Td]
Barrie_Garlic: folds
Barrie_Garlic: Leave(Auto)
Lyndia_Lime: Leave(Auto)
Gerald_Satsuma: raises $0.75 to $0.75
Earlie_Rosemary: Leave(Auto)
Hero: folds
Hero: Leave(Auto)
Earlie_Rosemary: folds
Lyndia_Lime: folds
Ona_Dates: folds
Ona_Dates: Leave(Auto)
Uncalled bet ($0.50) returned to Gerald_Satsuma
Gerald_Satsuma: doesn't show hand
Gerald_Satsuma collected $0.60 from pot
*** SUMMARY ***
Total pot $0.60
Seat 1: Earlie_Rosemary (button) showed [Qh 5s] and lost
Seat 2: Lyndia_Lime (small blind) showed [7c 6s] and lost
Seat 3: Ona_Dates (big blind) mucked [8s Kd]
Seat 4: Barrie_Garlic mucked [4s Kc]
Seat 5: Gerald_Satsuma showed [Ts Tc] and won ($0.60)
Seat 6: Hero mucked null



PokerStars Hand #3631834597: Hold'em No Limit ($0.10/$0.25)
Table '#1286' 6-max Seat #1 is the button
Seat 1: Dick_Olive ($33.80 in chips)
Seat 2: Hero ($36.10 in chips)
Seat 3: Shela_Avocados ($27.63 in chips)
Seat 4: Elena_Juniper ($26.54 in chips)
Seat 5: Landon_Peach ($26.26 in chips)
Seat 6: Elayne_Cherry ($28.61 in chips)
Hero: posts small blind $0.10
Shela_Avocados: posts big blind $0.25
*** HOLE CARDS ***
Dealt to Hero [8c 2h]
Hero: Leave(Auto)
Landon_Peach: Leave(Auto)
Elayne_Cherry: Leave(Auto)
Elena_Juniper: raises $0.75 to $0.75
Landon_Peach: folds
Elayne_Cherry: folds
Dick_Olive: calls $0.75
Hero: folds
Shela_Avocados: folds
Shela_Avocados: Leave(Auto)
*** FLOP *** [Js Ks As]
Elena_Juniper: checks
Dick_Olive: checks
*** TURN *** [Js Ks As] [4h]
Elena_Juniper: bets $0.92
Dick_Olive: calls $0.92
*** RIVER *** [Js Ks As 4h] [5s]
Elena_Juniper: checks
Dick_Olive: checks
*** SHOW DOWN ***
Elena_Juniper: shows [Jd Ah] (two pair, Aces and Jacks)
Dick_Olive: Mucks [5d Ad] (Two pair)
Elena_Juniper collected $3.51 from pot
*** SUMMARY ***
Total pot $3.69 | Rake $0.18
Board [Js Ks As 4h 5s]
Seat 1: Dick_Olive (button) mucked [5d Ad]
Seat 2: Hero (small blind) mucked
Seat 3: Shela_Avocados (big blind) mucked [2c Kh]
Seat 4: Elena_Juniper showed [Jd Ah] and won ($3.51) with two pair, Aces and Jacks
Seat 5: Landon_Peach mucked
Seat 6: Elayne_Cherry mucked



PokerStars Hand #3631834644: Hold'em No Limit ($0.10/$0.25)
Table '#1286' 6-max Seat #3 is the button
Seat 1: Stella_Beans ($23.15 in chips)
Seat 2: Tu_Orange ($26.25 in chips)
Seat 3: Bruno_Nettles ($23.60 in chips)
Seat 4: Jenise_Lime ($23.85 in chips)
Seat 5: Hero ($36 in chips)
Seat 6: Delma_Leek ($36.73 in chips)
Jenise_Lime: posts small blind $0.10
Hero: posts big blind $0.25
*** HOLE CARDS ***
Dealt to Hero [Jd Ah]
Bruno_Nettles: Leave(Auto)
Tu_Orange: Leave(Auto)
Delma_Leek: folds
Delma_Leek: Leave(Auto)
Jenise_Lime: Leave(Auto)
Stella_Beans: folds
Stella_Beans: Leave(Auto)
Tu_Orange: folds
Bruno_Nettles: folds
Jenise_Lime: folds
Hero: doesn't show hand
Uncalled bet ($0.25) returned to Hero
Hero collected $0.10 from pot
*** SUMMARY ***
Total pot $0.1



PokerStars Hand #3631834875: Hold'em No Limit ($0.10/$0.25)
Table '#1286' 6-max Seat #2 is the button
Seat 1: Caryl_Lentils ($89.83 in chips)
Seat 2: James_Garlic ($24.75 in chips)
Seat 3: Hero ($36.10 in chips)
Seat 4: Katia_Ugli ($9.83 in chips)
Seat 5: Willia_Orange ($51.60 in chips)
Seat 6: Tricia_Soursop ($23.45 in chips)
Hero: posts small blind $0.10
Katia_Ugli: posts big blind $0.25
*** HOLE CARDS ***
Dealt to Hero [Qc 3h]
Caryl_Lentils: Leave(Auto)
Willia_Orange: folds
Willia_Orange: Leave(Auto)
Hero: Leave(Auto)
Tricia_Soursop: raises $0.75 to $0.75
Caryl_Lentils: folds
Katia_Ugli: Leave(Auto)
James_Garlic: calls $0.75
Hero: folds
Katia_Ugli: folds
*** FLOP *** [6d 5d Jh]
Tricia_Soursop: bets $1
James_Garlic: calls $1
*** TURN *** [6d 5d Jh] [Ts]
Tricia_Soursop: bets $2.50
James_Garlic: calls $2.50
*** RIVER *** [6d 5d Jh Ts] [Tc]
Tricia_Soursop: checks
James_Garlic: checks
*** SHOW DOWN ***
Tricia_Soursop: shows [7d Ad] (a pair of Tens)
James_Garlic: shows [4d 4h] (two pair, Tens and Fours)
James_Garlic collected $8.41 from pot
*** SUMMARY ***
Total pot $8.41



PokerStars Hand #3631834933: Hold'em No Limit ($0.10/$0.25)
Table '#1286' 6-max Seat #6 is the button
Seat 1: Hero ($36 in chips)
Seat 2: Rolf_Juniper ($10.03 in chips)
Seat 3: Jaye_Quinoa ($19.20 in chips)
Seat 4: Teri_Celeriac ($16.69 in chips)
Seat 5: Ming_Yuzu ($28.92 in chips)
Seat 6: Devon_Chives ($19.25 in chips)
Hero: posts small blind $0.10
Rolf_Juniper: posts big blind $0.25
*** HOLE CARDS ***
Dealt to Hero [Js 5c]
Jaye_Quinoa: folds
Jaye_Quinoa: Leave(Auto)
Hero: Leave(Auto)
Ming_Yuzu: Leave(Auto)
Teri_Celeriac: folds
Teri_Celeriac: Leave(Auto)
Ming_Yuzu: folds
Devon_Chives: raises $0.50 to $0.50
Hero: folds
Rolf_Juniper: raises $2 to $2.25
Devon_Chives: folds
Devon_Chives: Leave(Auto)
Uncalled bet ($1.75) returned to Rolf_Juniper
Rolf_Juniper: doesn't show hand
Rolf_Juniper collected $1.10 from pot
*** SUMMARY ***
Total pot $1.1



PokerStars Hand #3631834985: Hold'em No Limit ($0.10/$0.25)
Table '#1286' 6-max Seat #1 is the button
Seat 1: Hero ($35.90 in chips)
Seat 2: Walter_Chili ($30.12 in chips)
Seat 3: Curtis_Turnips ($127.10 in chips)
Seat 4: Ginny_Mango ($25.50 in chips)
Seat 5: Julius_Oregano ($83.59 in chips)
Seat 6: Aletha_Yams ($72.03 in chips)
Walter_Chili: posts small blind $0.10
Curtis_Turnips: posts big blind $0.25
*** HOLE CARDS ***
Dealt to Hero [7h 4h]
Julius_Oregano: Leave(Auto)
Walter_Chili: Leave(Auto)
Ginny_Mango: folds
Ginny_Mango: Leave(Auto)
Julius_Oregano: folds
Aletha_Yams: folds
Aletha_Yams: Leave(Auto)
Hero: raises $0.66 to $0.66
Walter_Chili: folds
Curtis_Turnips: folds
Curtis_Turnips: Leave(Auto)
Uncalled bet ($0.41) returned to Hero
Hero: doesn't show hand
Hero collected $0.60 from pot
*** SUMMARY ***
Total pot $0.6



PokerStars Hand #3631835258: Hold'em No Limit ($0.10/$0.25)
Table '#1286' 6-max Seat #6 is the button
Seat 1: Geri_Okra ($26.60 in chips)
Seat 2: Janise_Figs ($23.80 in chips)
Seat 3: Chara_Yuzu ($83.34 in chips)
Seat 4: Hero ($36.25 in chips)
Seat 5: Dean_Olive ($35.21 in chips)
Seat 6: Myrta_Rhubarb ($29.19 in chips)
Geri_Okra: posts small blind $0.10
Janise_Figs: posts big blind $0.25
*** HOLE CARDS ***
Dealt to Hero [Qs 3s]
Chara_Yuzu: folds
Chara_Yuzu: Leave(Auto)
Dean_Olive: Leave(Auto)
Hero: folds
Hero: Leave(Auto)
Dean_Olive: folds
Geri_Okra: Leave(Auto)
Myrta_Rhubarb: raises $0.50 to $0.50
Geri_Okra: folds
Janise_Figs: calls $0.25
*** FLOP *** [7h 6d Jd]
Janise_Figs: checks
Myrta_Rhubarb: bets $0.35
Janise_Figs: calls $0.35
*** TURN *** [7h 6d Jd] [Qh]
Janise_Figs: checks
Myrta_Rhubarb: checks
*** RIVER *** [7h 6d Jd Qh] [7s]
Janise_Figs: bets $1.30
Myrta_Rhubarb: folds
Myrta_Rhubarb: Leave(Auto)
Uncalled bet ($1.30) returned to Janise_Figs
Janise_Figs: doesn't show hand
Janise_Figs collected $1.71 from pot
*** SUMMARY ***
Total pot $1.71



PokerStars Hand #3631835307: Hold'em No Limit ($0.10/$0.25)
Table '#1286' 6-max Seat #6 is the button
Seat 1: Hero ($36.25 in chips)
Seat 2: Olinda_Tabasco ($36.56 in chips)
Seat 3: Tobias_Grapes ($126.85 in chips)
Seat 4: Tom_Paprika ($22.70 in chips)
Seat 5: Ione_Peach ($26.50 in chips)
Seat 6: Ayesha_Fennel ($25.60 in chips)
Hero: posts small blind $0.10
Olinda_Tabasco: posts big blind $0.25
*** HOLE CARDS ***
Dealt to Hero [Ad 2h]
Tom_Paprika: Leave(Auto)
Ione_Peach: Leave(Auto)
Hero: Leave(Auto)
Tobias_Grapes: folds
Tobias_Grapes: Leave(Auto)
Tom_Paprika: folds
Ione_Peach: folds
Ayesha_Fennel: raises $0.60 to $0.60
Hero: folds
Olinda_Tabasco: folds
Olinda_Tabasco: Leave(Auto)
Uncalled bet ($0.35) returned to Ayesha_Fennel
Ayesha_Fennel: doesn't show hand
Ayesha_Fennel collected $0.60 from pot
*** SUMMARY ***
Total pot $0.6



PokerStars Hand #3631835348: Hold'em No Limit ($0.10/$0.25)
Table '#1286' 6-max Seat #3 is the button
Seat 1: Hero ($36.15 in chips)
Seat 2: Adam_Cabbage ($126.85 in chips)
Seat 3: Lou_Plum ($64.60 in chips)
Seat 4: Lyda_Tubers ($27.38 in chips)
Seat 5: Caryl_Nettles ($28.26 in chips)
Seat 6: Dreama_Papaya ($31.66 in chips)
Lyda_Tubers: posts small blind $0.10
Caryl_Nettles: posts big blind $0.25
*** HOLE CARDS ***
Dealt to Hero [Qd 7h]
Dreama_Papaya: folds
Dreama_Papaya: Leave(Auto)
Lou_Plum: Leave(Auto)
Hero: folds
Hero: Leave(Auto)
Adam_Cabbage: raises $0.50 to $0.50
Lou_Plum: folds
Lyda_Tubers: calls $0.40
Caryl_Nettles: calls $0.25
*** FLOP *** [8d 4d 2c]
Lyda_Tubers: checks
Caryl_Nettles: checks
Adam_Cabbage: checks
*** TURN *** [8d 4d 2c] [6c]
Lyda_Tubers: checks
Caryl_Nettles: checks
Adam_Cabbage: checks
*** RIVER *** [8d 4d 2c 6c] [7d]
Lyda_Tubers: checks
Caryl_Nettles: checks
Adam_Cabbage: bets $0.75
Lyda_Tubers: folds
Lyda_Tubers: Leave(Auto)
Caryl_Nettles: calls $0.75
*** SHOW DOWN ***
Adam_Cabbage: shows [Ah 5d] (a straight, Four to Eight)
Caryl_Nettles: Mucks [Ac Qs] (High Card)
Adam_Cabbage collected $2.85 from pot
*** SUMMARY ***
Total pot $2.85



PokerStars Hand #3631835395: Hold'em No Limit ($0.10/$0.25)
Table '#1286' 6-max Seat #5 is the button
Seat 1: Nam_Apples ($45.40 in chips)
Seat 2: Hero ($36.15 in chips)
Seat 3: Raye_Sage ($30.78 in chips)
Seat 4: Leota_Fennel ($14.18 in chips)
Seat 5: Barton_Kohlrabi ($16.44 in chips)
Seat 6: Han_Soy ($23.61 in chips)
Han_Soy: posts small blind $0.10
Nam_Apples: posts big blind $0.25
*** HOLE CARDS ***
Dealt to Hero [2s 8s]
Raye_Sage: Leave(Auto)
Hero: folds
Hero: Leave(Auto)
Raye_Sage: folds
Leota_Fennel: folds
Leota_Fennel: Leave(Auto)
Barton_Kohlrabi: raises $0.75 to $0.75
Han_Soy: folds
Han_Soy: Leave(Auto)
Nam_Apples: calls $0.50
*** FLOP *** [5c 7h 3s]
Nam_Apples: checks
Barton_Kohlrabi: checks
*** TURN *** [5c 7h 3s] [Ac]
Nam_Apples: checks
Barton_Kohlrabi: bets $1
Nam_Apples: folds
Nam_Apples: Leave(Auto)
Uncalled bet ($1) returned to Barton_Kohlrabi
Barton_Kohlrabi: doesn't show hand
Barton_Kohlrabi collected $1.52 from pot
*** SUMMARY ***
Total pot $1.52



PokerStars Hand #3631835445: Hold'em No Limit ($0.10/$0.25)
Table '#1286' 6-max Seat #5 is the button
Seat 1: Hero ($36.15 in chips)
Seat 2: Ollie_Collard ($31.66 in chips)
Seat 3: Chung_Lime ($15.13 in chips)
Seat 4: Elanor_Goji ($24.75 in chips)
Seat 5: Isaiah_Rambutan ($15.82 in chips)
Seat 6: Carlee_Kiwi ($24.65 in chips)
Carlee_Kiwi: posts small blind $0.10
Hero: posts big blind $0.25
*** HOLE CARDS ***
Dealt to Hero [8h Qd]
Carlee_Kiwi: Leave(Auto)
Ollie_Collard: folds
Ollie_Collard: Leave(Auto)
Elanor_Goji: Leave(Auto)
Chung_Lime: raises $0.75 to $0.75
Elanor_Goji: folds
Isaiah_Rambutan: folds
Isaiah_Rambutan: Leave(Auto)
Carlee_Kiwi: folds
Hero: calls $0.50
*** FLOP *** [5s Kh 3s]
Hero: checks
Chung_Lime: bets $0.80
Hero: folds
Hero: Leave(Auto)
Uncalled bet ($0.80) returned to Chung_Lime
Chung_Lime: doesn't show hand
Chung_Lime collected $1.52 from pot
*** SUMMARY ***
Total pot $1.52



PokerStars Hand #3631835716: Hold'em No Limit ($0.10/$0.25)
Table '#1286' 6-max Seat #4 is the button
Seat 1: Oren_Cilantro ($68.45 in chips)
Seat 2: Clare_Soy ($31.41 in chips)
Seat 3: Hero ($35.40 in chips)
Seat 4: Monet_Mango ($25 in chips)
Seat 5: Shante_Tubers ($22.17 in chips)
Seat 6: Joslyn_Celeriac ($24.55 in chips)
Shante_Tubers: posts small blind $0.10
Joslyn_Celeriac: posts big blind $0.25
*** HOLE CARDS ***
Dealt to Hero [6d 7d]
Clare_Soy: Leave(Auto)
Monet_Mango: Leave(Auto)
Oren_Cilantro: folds
Oren_Cilantro: Leave(Auto)
Clare_Soy: folds
Shante_Tubers: Leave(Auto)
Hero: raises $0.66 to $0.66
Monet_Mango: folds
Shante_Tubers: folds
Joslyn_Celeriac: folds
Joslyn_Celeriac: Leave(Auto)
Uncalled bet ($0.41) returned to Hero
Hero: doesn't show hand
Hero collected $0.60 from pot
*** SUMMARY ***
Total pot $0.6



PokerStars Hand #3631835899: Hold'em No Limit ($0.10/$0.25)
Table '#1286' 6-max Seat #6 is the button
Seat 1: Antwan_Apples ($23.43 in chips)
Seat 2: Alma_Prunes ($34.90 in chips)
Seat 3: Rhett_Rutabaga ($22.37 in chips)
Seat 4: Lexie_Cilantro ($30.46 in chips)
Seat 5: Elina_Cabbage ($14.99 in chips)
Seat 6: Hero ($35.75 in chips)
Antwan_Apples: posts small blind $0.10
Alma_Prunes: posts big blind $0.25
*** HOLE CARDS ***
Dealt to Hero [Qs 2d]
Elina_Cabbage: Leave(Auto)
Rhett_Rutabaga: folds
Rhett_Rutabaga: Leave(Auto)
Hero: Leave(Auto)
Lexie_Cilantro: calls $0.25
Elina_Cabbage: folds
Hero: folds
Antwan_Apples: calls $0.15
Alma_Prunes: raises $1 to $1.25
Lexie_Cilantro: calls $1
Antwan_Apples: calls $1
*** FLOP *** [7d 9c Kc]
Antwan_Apples: checks
Alma_Prunes: bets $2.37
Lexie_Cilantro: folds
Lexie_Cilantro: Leave(Auto)
Antwan_Apples: folds
Antwan_Apples: Leave(Auto)
Uncalled bet ($2.37) returned to Alma_Prunes
Alma_Prunes: doesn't show hand
Alma_Prunes collected $3.57 from pot
*** SUMMARY ***
Total pot $3.57



PokerStars Hand #3631835953: Hold'em No Limit ($0.10/$0.25)
Table '#1286' 6-max Seat #6 is the button
Seat 1: Hero ($35.75 in chips)
Seat 2: Min_Chili ($11.23 in chips)
Seat 3: Patty_Tomatoes ($12.60 in chips)
Seat 4: Alexia_Lychee ($13.95 in chips)
Seat 5: Lilli_Fennel ($24.75 in chips)
Seat 6: Cicely_Satsuma ($24.27 in chips)
Hero: posts small blind $0.10
Min_Chili: posts big blind $0.25
*** HOLE CARDS ***
Dealt to Hero [4h 2c]
Lilli_Fennel: Leave(Auto)
Alexia_Lychee: Leave(Auto)
Hero: Leave(Auto)
Patty_Tomatoes: raises $0.75 to $0.75
Alexia_Lychee: folds
Lilli_Fennel: folds
Min_Chili: Leave(Auto)
Cicely_Satsuma: folds
Cicely_Satsuma: Leave(Auto)
Hero: folds
Min_Chili: folds
Uncalled bet ($0.50) returned to Patty_Tomatoes
Patty_Tomatoes: doesn't show hand
Patty_Tomatoes collected $0.60 from pot
*** SUMMARY ***
Total pot $0.60
Seat 1: Hero (small blind) showed [4h 2c] and lost
Seat 2: Min_Chili (big blind) showed [As 7h] and lost
Seat 3: Patty_Tomatoes showed [Ah 9h] and won ($0.60)
Seat 4: Alexia_Lychee showed [5s 4c] and lost
Seat 5: Lilli_Fennel showed [9c Jd] and lost
Seat 6: Cicely_Satsuma (button) mucked [Kc 6d]



PokerStars Hand #3631836001: Hold'em No Limit ($0.10/$0.25)
Table '#1286' 6-max Seat #5 is the button
Seat 1: Monroe_Lychee ($30.56 in chips)
Seat 2: Hero ($35.65 in chips)
Seat 3: Wyatt_Figs ($10.95 in chips)
Seat 4: Eldon_Salak ($78.93 in chips)
Seat 5: Sonny_Okra ($25.52 in chips)
Seat 6: Edwina_Mango ($37.95 in chips)
Edwina_Mango: posts small blind $0.10
Monroe_Lychee: posts big blind $0.25
*** HOLE CARDS ***
Dealt to Hero [3d 8c]
Sonny_Okra: Leave(Auto)
Hero: folds
Hero: Leave(Auto)
Eldon_Salak: Leave(Auto)
Edwina_Mango: Leave(Auto)
Wyatt_Figs: folds
Wyatt_Figs: Leave(Auto)
Eldon_Salak: folds
Sonny_Okra: folds
Edwina_Mango: folds
Monroe_Lychee: doesn't show hand
Uncalled bet ($0.25) returned to Monroe_Lychee
Monroe_Lychee collected $0.10 from pot
*** SUMMARY ***
Total pot $0.10
Seat 1: Monroe_Lychee (big blind) showed [4h Th] and won ($0.10)
Seat 2: Hero mucked null
Seat 3: Wyatt_Figs mucked [8s Qh]
Seat 4: Eldon_Salak showed [Kc 9d] and lost
Seat 5: Sonny_Okra (button) showed [Jc 9s] and lost
Seat 6: Edwina_Mango (small blind) showed [Jh 6d] and lost



PokerStars Hand #3631836048: Hold'em No Limit ($0.10/$0.25)
Table '#1286' 6-max Seat #5 is the button
Seat 1: Polly_Chili ($25.52 in chips)
Seat 2: Talia_Ginger ($14.89 in chips)
Seat 3: Cari_Fennel ($16 in chips)
Seat 4: Denita_Onions ($63.31 in chips)
Seat 5: Hero ($35.65 in chips)
Seat 6: Martin_Pinto ($34.47 in chips)
Martin_Pinto: posts small blind $0.10
Polly_Chili: posts big blind $0.25
*** HOLE CARDS ***
Dealt to Hero [9c 9s]
Talia_Ginger: folds
Talia_Ginger: Leave(Auto)
Denita_Onions: Leave(Auto)
Cari_Fennel: folds
Cari_Fennel: Leave(Auto)
Denita_Onions: folds
Hero: raises $0.66 to $0.66
Polly_Chili: Leave(Auto)
Martin_Pinto: raises $2 to $2.10
Polly_Chili: folds
Hero: calls $1.44
*** FLOP *** [Qc 4h 7s]
Martin_Pinto: checks
Hero: checks
*** TURN *** [Qc 4h 7s] [3d]
Martin_Pinto: bets $2.70
Hero: calls $2.70
*** RIVER *** [Qc 4h 7s 3d] [2c]
Martin_Pinto: bets $5.80
Hero: calls $5.80
*** SHOW DOWN ***
Martin_Pinto: shows [Ac Tc] (high card Ace)
Hero: shows null (a pair of Nines)
Hero collected $20.38 from pot
*** SUMMARY ***
Total pot $20.38



PokerStars Hand #3631836636: Hold'em No Limit ($0.10/$0.25)
Table '#1286' 6-max Seat #3 is the button
Seat 1: Emilee_Shallot ($51.07 in chips)
Seat 2: Hiedi_Turnips ($26.41 in chips)
Seat 3: Hero ($45.43 in chips)
Seat 4: Ching_Jalapeño ($23.87 in chips)
Seat 5: Luci_Tubers ($35.41 in chips)
Seat 6: Mina_Jalapeño ($16.50 in chips)
Ching_Jalapeño: posts small blind $0.10
Luci_Tubers: posts big blind $0.25
*** HOLE CARDS ***
Dealt to Hero [4h 8d]
Emilee_Shallot: Leave(Auto)
Hero: Leave(Auto)
Ching_Jalapeño: Leave(Auto)
Mina_Jalapeño: raises $0.75 to $0.75
Emilee_Shallot: folds
Hiedi_Turnips: calls $0.75
Hero: folds
Ching_Jalapeño: folds
Luci_Tubers: folds
Luci_Tubers: Leave(Auto)
*** FLOP *** [5d 5s 6d]
Mina_Jalapeño: checks
Hiedi_Turnips: bets $1.85
Mina_Jalapeño: folds
Mina_Jalapeño: Leave(Auto)
Uncalled bet ($1.85) returned to Hiedi_Turnips
Hiedi_Turnips: doesn't show hand
Hiedi_Turnips collected $1.76 from pot
*** SUMMARY ***
Total pot $1.85 | Rake $0.09
Board [5d 5s 6d]
Seat 1: Emilee_Shallot showed [8c 5c] and lost
Seat 2: Hiedi_Turnips showed [7d Ad] and won ($1.76)
Seat 3: Hero (button) showed [4h 8d] and lost
Seat 4: Ching_Jalapeño (small blind) showed [4s 2h] and lost
Seat 5: Luci_Tubers (big blind) mucked [9h 6s]
Seat 6: Mina_Jalapeño mucked [Tc Jc]



PokerStars Hand #3631836687: Hold'em No Limit ($0.10/$0.25)
Table '#1286' 6-max Seat #6 is the button
Seat 1: Marina_Tamarind ($30.15 in chips)
Seat 2: Hero ($45.43 in chips)
Seat 3: Shin_Ugli ($18.51 in chips)
Seat 4: Emelda_Quinoa ($23.77 in chips)
Seat 5: Chi_Pinto ($13.40 in chips)
Seat 6: Petra_Radish ($30.78 in chips)
Marina_Tamarind: posts small blind $0.10
Hero: posts big blind $0.25
*** HOLE CARDS ***
Dealt to Hero [Tc Td]
Emelda_Quinoa: Leave(Auto)
Chi_Pinto: Leave(Auto)
Shin_Ugli: folds
Shin_Ugli: Leave(Auto)
Emelda_Quinoa: folds
Chi_Pinto: folds
Petra_Radish: raises $0.75 to $0.75
Marina_Tamarind: raises $2.65 to $2.75
Petra_Radish: Leave(Auto)
Hero: calls $2.50
Petra_Radish: folds
*** FLOP *** [Jd 5h Th]
Marina_Tamarind: bets $2
Hero: raises $5 to $5
Marina_Tamarind: calls $3
*** TURN *** [Jd 5h Th] [7c]
Marina_Tamarind: checks
Hero: bets $7.77
Marina_Tamarind: calls $7.77
*** RIVER *** [Jd 5h Th 7c] [Jh]
Marina_Tamarind: checks
Hero: bets $29.91 and is all-in
Marina_Tamarind: calls $14.63 and is all-in
*** SHOW DOWN ***
Hero: shows null (a full house, Tens full of Jacks)
Marina_Tamarind: Mucks [5d 5s] (Full House)
Uncalled bet ($15.28) returned to Hero
Hero collected $59.05 from pot
*** SUMMARY ***
Total pot $59.05



PokerStars Hand #3631837628: Hold'em No Limit ($0.10/$0.25)
Table '#1286' 6-max Seat #4 is the button
Seat 1: Vi_Marjoram ($18.70 in chips)
Seat 2: Necole_Rambutan ($45.39 in chips)
Seat 3: Janyce_Rhubarb ($33.25 in chips)
Seat 4: Clelia_Prunes ($22.89 in chips)
Seat 5: Hero ($74.33 in chips)
Seat 6: Shayne_Bok Choy ($19.63 in chips)
Hero: posts small blind $0.10
Shayne_Bok Choy: posts big blind $0.25
*** HOLE CARDS ***
Dealt to Hero [8d 3d]
Vi_Marjoram: folds
Vi_Marjoram: Leave(Auto)
Janyce_Rhubarb: Leave(Auto)
Clelia_Prunes: Leave(Auto)
Necole_Rambutan: raises $0.75 to $0.75
Janyce_Rhubarb: folds
Clelia_Prunes: folds
Hero: folds
Hero: Leave(Auto)
Shayne_Bok Choy: calls $0.50
*** FLOP *** [5d Ad 4s]
Shayne_Bok Choy: checks
Necole_Rambutan: bets $1
Shayne_Bok Choy: folds
Shayne_Bok Choy: Leave(Auto)
Uncalled bet ($1) returned to Necole_Rambutan
Necole_Rambutan: doesn't show hand
Necole_Rambutan collected $1.52 from pot
*** SUMMARY ***
Total pot $1.52



PokerStars Hand #3631837728: Hold'em No Limit ($0.10/$0.25)
Table '#1286' 6-max Seat #6 is the button
Seat 1: Margie_Jicama ($36.06 in chips)
Seat 2: Nam_Tubers ($18.18 in chips)
Seat 3: Hero ($74.23 in chips)
Seat 4: Indira_Carrots ($36.95 in chips)
Seat 5: Audrey_Soursop ($20.90 in chips)
Seat 6: Temple_Bananas ($38.70 in chips)
Margie_Jicama: posts small blind $0.10
Nam_Tubers: posts big blind $0.25
*** HOLE CARDS ***
Dealt to Hero [7c Ad]
Audrey_Soursop: Leave(Auto)
Hero: folds
Hero: Leave(Auto)
Temple_Bananas: Leave(Auto)
Indira_Carrots: raises $0.75 to $0.75
Audrey_Soursop: folds
Temple_Bananas: folds
Nam_Tubers: Leave(Auto)
Margie_Jicama: folds
Margie_Jicama: Leave(Auto)
Nam_Tubers: folds
Uncalled bet ($0.50) returned to Indira_Carrots
Indira_Carrots: doesn't show hand
Indira_Carrots collected $0.60 from pot
*** SUMMARY ***
Total pot $0.6



PokerStars Hand #3631837770: Hold'em No Limit ($0.10/$0.25)
Table '#1286' 6-max Seat #3 is the button
Seat 1: Malisa_Wasabi ($16.25 in chips)
Seat 2: Alleen_Fennel ($13.84 in chips)
Seat 3: Gala_Plantain ($20.23 in chips)
Seat 4: Cody_Lentils ($17.20 in chips)
Seat 5: Mathew_Garlic ($16.78 in chips)
Seat 6: Hero ($74.23 in chips)
Cody_Lentils: posts small blind $0.10
Mathew_Garlic: posts big blind $0.25
*** HOLE CARDS ***
Dealt to Hero [Ac Qc]
Gala_Plantain: Leave(Auto)
Alleen_Fennel: Leave(Auto)
Hero: raises $0.66 to $0.66
Malisa_Wasabi: folds
Malisa_Wasabi: Leave(Auto)
Alleen_Fennel: folds
Gala_Plantain: folds
Cody_Lentils: folds
Cody_Lentils: Leave(Auto)
Mathew_Garlic: calls $0.41
*** FLOP *** [5s Ad 9h]
Mathew_Garlic: checks
Hero: bets $0.44
Mathew_Garlic: folds
Mathew_Garlic: Leave(Auto)
Uncalled bet ($0.44) returned to Hero
Hero: doesn't show hand
Hero collected $1.35 from pot
*** SUMMARY ***
Total pot $1.42 | Rake $0.07
Board [5s Ad 9h]
Seat 1: Malisa_Wasabi mucked [6h 3d]
Seat 2: Alleen_Fennel showed [6s 4d] and lost
Seat 3: Gala_Plantain (button) showed [5h 6d] and lost
Seat 4: Cody_Lentils (small blind) mucked [7d 9c]
Seat 5: Mathew_Garlic (big blind) mucked [Jc Td]
Seat 6: Hero showed null and won ($1.35)



PokerStars Hand #3631838062: Hold'em No Limit ($0.10/$0.25)
Table '#1286' 6-max Seat #1 is the button
Seat 1: Kellie_Papaya ($55.14 in chips)
Seat 2: Donita_Alfalfa ($16.12 in chips)
Seat 3: Esta_Juniper ($29.80 in chips)
Seat 4: Taylor_Yuzu ($38.27 in chips)
Seat 5: Luis_Ginger ($18.88 in chips)
Seat 6: Hero ($74.92 in chips)
Donita_Alfalfa: posts small blind $0.10
Esta_Juniper: posts big blind $0.25
*** HOLE CARDS ***
Dealt to Hero [Kc Qd]
Donita_Alfalfa: Leave(Auto)
Taylor_Yuzu: folds
Taylor_Yuzu: Leave(Auto)
Kellie_Papaya: Leave(Auto)
Luis_Ginger: folds
Luis_Ginger: Leave(Auto)
Hero: raises $0.66 to $0.66
Kellie_Papaya: folds
Donita_Alfalfa: folds
Esta_Juniper: folds
Esta_Juniper: Leave(Auto)
Uncalled bet ($0.41) returned to Hero
Hero: doesn't show hand
Hero collected $0.60 from pot
*** SUMMARY ***
Total pot $0.60
Seat 1: Kellie_Papaya (button) showed [3s Jd] and lost
Seat 2: Donita_Alfalfa (small blind) showed [5s 6c] and lost
Seat 3: Esta_Juniper (big blind) mucked [Td 9s]
Seat 4: Taylor_Yuzu mucked [Qh 4s]
Seat 5: Luis_Ginger mucked [Ah 6s]
Seat 6: Hero showed null and won ($0.60)



PokerStars Hand #3631838257: Hold'em No Limit ($0.10/$0.25)
Table '#1286' 6-max Seat #3 is the button
Seat 1: Carter_Quinoa ($29.55 in chips)
Seat 2: Vanda_Jalapeño ($42.98 in chips)
Seat 3: Emely_Juniper ($12.25 in chips)
Seat 4: Alona_Beets ($70.63 in chips)
Seat 5: Hero ($75.27 in chips)
Seat 6: Sammie_Mango ($24.75 in chips)
Alona_Beets: posts small blind $0.10
Hero: posts big blind $0.25
*** HOLE CARDS ***
Dealt to Hero [Kh 7s]
Vanda_Jalapeño: Leave(Auto)
Sammie_Mango: folds
Sammie_Mango: Leave(Auto)
Carter_Quinoa: folds
Carter_Quinoa: Leave(Auto)
Vanda_Jalapeño: folds
Emely_Juniper: calls $0.25
Alona_Beets: calls $0.15
Hero: checks
*** FLOP *** [Qh 3c 9c]
Alona_Beets: checks
Hero: checks
Emely_Juniper: checks
*** TURN *** [Qh 3c 9c] [2s]
Alona_Beets: checks
Hero: checks
Emely_Juniper: checks
*** RIVER *** [Qh 3c 9c 2s] [Th]
Alona_Beets: checks
Hero: checks
Emely_Juniper: bets $1.25
Alona_Beets: folds
Alona_Beets: Leave(Auto)
Hero: folds
Hero: Leave(Auto)
Uncalled bet ($1.25) returned to Emely_Juniper
Emely_Juniper: doesn't show hand
Emely_Juniper collected $0.72 from pot
*** SUMMARY ***
Total pot $0.72



PokerStars Hand #3631838861: Hold'em No Limit ($0.10/$0.25)
Table '#1286' 6-max Seat #6 is the button
Seat 1: Hero ($75.02 in chips)
Seat 2: Phuong_Carrots ($27.67 in chips)
Seat 3: Shin_Pomelo ($29.53 in chips)
Seat 4: Almeda_Parsley ($66.21 in chips)
Seat 5: Mikki_Plumcot ($31.65 in chips)
Seat 6: Karine_Fennel ($22.73 in chips)
Hero: posts small blind $0.10
Phuong_Carrots: posts big blind $0.25
*** HOLE CARDS ***
Dealt to Hero [7s 4d]
Almeda_Parsley: Leave(Auto)
Shin_Pomelo: folds
Shin_Pomelo: Leave(Auto)
Almeda_Parsley: folds
Hero: Leave(Auto)
Mikki_Plumcot: raises $0.50 to $0.50
Karine_Fennel: folds
Karine_Fennel: Leave(Auto)
Hero: folds
Phuong_Carrots: folds
Phuong_Carrots: Leave(Auto)
Uncalled bet ($0.25) returned to Mikki_Plumcot
Mikki_Plumcot: doesn't show hand
Mikki_Plumcot collected $0.60 from pot
*** SUMMARY ***
Total pot $0.60
Seat 1: Hero (small blind) showed [7s 4d] and lost
Seat 2: Phuong_Carrots (big blind) mucked [5c Tc]
Seat 3: Shin_Pomelo mucked [Ts 3h]
Seat 4: Almeda_Parsley showed [Kc 6h] and lost
Seat 5: Mikki_Plumcot showed [Td Ah] and won ($0.60)
Seat 6: Karine_Fennel (button) mucked [8d 5d]



PokerStars Hand #3631838893: Hold'em No Limit ($0.10/$0.25)
Table '#1286' 6-max Seat #6 is the button
Seat 1: Glady_Pomelo ($66.21 in chips)
Seat 2: Donnie_Lychee ($29.53 in chips)
Seat 3: Susan_Daikon ($24 in chips)
Seat 4: Hero ($74.92 in chips)
Seat 5: Luetta_Yams ($25.10 in chips)
Seat 6: Cletus_Jalapeño ($38.71 in chips)
Glady_Pomelo: posts small blind $0.10
Donnie_Lychee: posts big blind $0.25
*** HOLE CARDS ***
Dealt to Hero [4h 8d]
Susan_Daikon: folds
Susan_Daikon: Leave(Auto)
Luetta_Yams: Leave(Auto)
Glady_Pomelo: Leave(Auto)
Hero: folds
Hero: Leave(Auto)
Luetta_Yams: folds
Cletus_Jalapeño: folds
Cletus_Jalapeño: Leave(Auto)
Glady_Pomelo: folds
Donnie_Lychee: doesn't show hand
Uncalled bet ($0.25) returned to Donnie_Lychee
Donnie_Lychee collected $0.10 from pot
*** SUMMARY ***
Total pot $0.1



PokerStars Hand #3631838952: Hold'em No Limit ($0.10/$0.25)
Table '#1286' 6-max Seat #5 is the button
Seat 1: Shela_Onions ($21.80 in chips)
Seat 2: Jenine_Bananas ($37.87 in chips)
Seat 3: Omega_Kiwi ($26.80 in chips)
Seat 4: Cordia_Zuchinis ($39.87 in chips)
Seat 5: Hero ($74.92 in chips)
Seat 6: Kiyoko_Lime ($92.77 in chips)
Kiyoko_Lime: posts small blind $0.10
Shela_Onions: posts big blind $0.25
*** HOLE CARDS ***
Dealt to Hero [3s Js]
Jenine_Bananas: folds
Jenine_Bananas: Leave(Auto)
Hero: Leave(Auto)
Omega_Kiwi: folds
Omega_Kiwi: Leave(Auto)
Cordia_Zuchinis: folds
Cordia_Zuchinis: Leave(Auto)
Hero: folds
Kiyoko_Lime: folds
Kiyoko_Lime: Leave(Auto)
Shela_Onions: doesn't show hand
Uncalled bet ($0.25) returned to Shela_Onions
Shela_Onions collected $0.10 from pot
*** SUMMARY ***
Total pot $0.1



PokerStars Hand #3631838998: Hold'em No Limit ($0.10/$0.25)
Table '#1286' 6-max Seat #5 is the button
Seat 1: Amie_Broccoli ($37.87 in chips)
Seat 2: Zenia_Prunes ($64.12 in chips)
Seat 3: Hero ($74.92 in chips)
Seat 4: Kathey_Celery ($26.80 in chips)
Seat 5: Felisa_Olive ($28.67 in chips)
Seat 6: Charis_Plantain ($128.87 in chips)
Charis_Plantain: posts small blind $0.10
Amie_Broccoli: posts big blind $0.25
*** HOLE CARDS ***
Dealt to Hero [7h 5c]
Zenia_Prunes: folds
Zenia_Prunes: Leave(Auto)
Felisa_Olive: Leave(Auto)
Hero: folds
Hero: Leave(Auto)
Kathey_Celery: folds
Kathey_Celery: Leave(Auto)
Felisa_Olive: folds
Charis_Plantain: raises $0.40 to $0.50
Amie_Broccoli: folds
Amie_Broccoli: Leave(Auto)
Uncalled bet ($0.25) returned to Charis_Plantain
Charis_Plantain: doesn't show hand
Charis_Plantain collected $0.50 from pot
*** SUMMARY ***
Total pot $0.5



PokerStars Hand #3631839031: Hold'em No Limit ($0.10/$0.25)
Table '#1286' 6-max Seat #5 is the button
Seat 1: Boyd_Mango ($28.67 in chips)
Seat 2: Morgan_Celeriac ($23.98 in chips)
Seat 3: Cecil_Satsuma ($70.28 in chips)
Seat 4: Delmer_Peas ($25.36 in chips)
Seat 5: Linnie_Plum ($28.76 in chips)
Seat 6: Hero ($74.92 in chips)
Hero: posts small blind $0.10
Boyd_Mango: posts big blind $0.25
*** HOLE CARDS ***
Dealt to Hero [6s 7c]
Cecil_Satsuma: Leave(Auto)
Morgan_Celeriac: folds
Morgan_Celeriac: Leave(Auto)
Cecil_Satsuma: folds
Delmer_Peas: raises $0.75 to $0.75
Hero: Leave(Auto)
Linnie_Plum: calls $0.75
Hero: folds
Boyd_Mango: folds
Boyd_Mango: Leave(Auto)
*** FLOP *** [Qc 4s Td]
Delmer_Peas: checks
Linnie_Plum: checks
*** TURN *** [Qc 4s Td] [Qd]
Delmer_Peas: checks
Linnie_Plum: bets $1
Delmer_Peas: folds
Delmer_Peas: Leave(Auto)
Uncalled bet ($1) returned to Linnie_Plum
Linnie_Plum: doesn't show hand
Linnie_Plum collected $1.76 from pot
*** SUMMARY ***
Total pot $1.76



PokerStars Hand #3631839178: Hold'em No Limit ($0.10/$0.25)
Table '#1286' 6-max Seat #4 is the button
Seat 1: Sibyl_Rhubarb ($24.65 in chips)
Seat 2: Boyce_Onions ($23.98 in chips)
Seat 3: Keshia_Zuchinis ($31.39 in chips)
Seat 4: Hero ($74.82 in chips)
Seat 5: Sanda_Apricots ($37.62 in chips)
Seat 6: Dorris_Tat Soi ($32.01 in chips)
Sanda_Apricots: posts small blind $0.10
Dorris_Tat Soi: posts big blind $0.25
*** HOLE CARDS ***
Dealt to Hero [2s 3h]
Sibyl_Rhubarb: folds
Sibyl_Rhubarb: Leave(Auto)
Sanda_Apricots: Leave(Auto)
Hero: Leave(Auto)
Boyce_Onions: folds
Boyce_Onions: Leave(Auto)
Keshia_Zuchinis: folds
Keshia_Zuchinis: Leave(Auto)
Hero: folds
Sanda_Apricots: folds
Dorris_Tat Soi: doesn't show hand
Uncalled bet ($0.25) returned to Dorris_Tat Soi
Dorris_Tat Soi collected $0.10 from pot
*** SUMMARY ***
Total pot $0.1



PokerStars Hand #3631839223: Hold'em No Limit ($0.10/$0.25)
Table '#1286' 6-max Seat #3 is the button
Seat 1: Mazie_Plum ($24.65 in chips)
Seat 2: Susann_Arugula ($37.52 in chips)
Seat 3: Meagan_Prunes ($12.86 in chips)
Seat 4: Sang_Parnsip ($19.51 in chips)
Seat 5: Hero ($74.82 in chips)
Seat 6: Darrin_Olive ($129.12 in chips)
Sang_Parnsip: posts small blind $0.10
Hero: posts big blind $0.25
*** HOLE CARDS ***
Dealt to Hero [2h Ks]
Darrin_Olive: folds
Darrin_Olive: Leave(Auto)
Sang_Parnsip: Leave(Auto)
Mazie_Plum: raises $0.75 to $0.75
Susann_Arugula: folds
Susann_Arugula: Leave(Auto)
Hero: Leave(Auto)
Meagan_Prunes: folds
Meagan_Prunes: Leave(Auto)
Sang_Parnsip: folds
Hero: folds
Uncalled bet ($0.50) returned to Mazie_Plum
Mazie_Plum: doesn't show hand
Mazie_Plum collected $0.60 from pot
*** SUMMARY ***
Total pot $0.6



PokerStars Hand #3631839312: Hold'em No Limit ($0.10/$0.25)
Table '#1286' 6-max Seat #2 is the button
Seat 1: Jenee_Pears ($95.78 in chips)
Seat 2: Pura_Tamarind ($29.63 in chips)
Seat 3: Hero ($74.57 in chips)
Seat 4: Merle_Rosemary ($91.82 in chips)
Seat 5: Mirna_Lemon ($81.05 in chips)
Seat 6: Fausto_Orange ($15.50 in chips)
Hero: posts small blind $0.10
Merle_Rosemary: posts big blind $0.25
*** HOLE CARDS ***
Dealt to Hero [Kd 3d]
Jenee_Pears: Leave(Auto)
Mirna_Lemon: folds
Mirna_Lemon: Leave(Auto)
Fausto_Orange: folds
Fausto_Orange: Leave(Auto)
Jenee_Pears: folds
Pura_Tamarind: raises $0.85 to $0.85
Hero: folds
Hero: Leave(Auto)
Merle_Rosemary: calls $0.60
*** FLOP *** [5d Ah 9s]
Merle_Rosemary: bets $1.80
Pura_Tamarind: folds
Pura_Tamarind: Leave(Auto)
Uncalled bet ($1.80) returned to Merle_Rosemary
Merle_Rosemary: doesn't show hand
Merle_Rosemary collected $1.71 from pot
*** SUMMARY ***
Total pot $1.80 | Rake $0.09
Board [5d Ah 9s]
Seat 1: Jenee_Pears showed [Jd 7h] and lost
Seat 2: Pura_Tamarind (button) mucked [6s 4s]
Seat 3: Hero (small blind) mucked null
Seat 4: Merle_Rosemary (big blind) showed [Tc Ad] and won ($1.71)
Seat 5: Mirna_Lemon mucked [2h 7s]
Seat 6: Fausto_Orange mucked [6h 2d]



PokerStars Hand #3631839442: Hold'em No Limit ($0.10/$0.25)
Table '#1286' 6-max Seat #3 is the button
Seat 1: Janna_Oregano ($38.36 in chips)
Seat 2: Frieda_Rosemary ($24.75 in chips)
Seat 3: Hero ($74.47 in chips)
Seat 4: Iris_Beans ($19.87 in chips)
Seat 5: Ashli_Soursop ($27.20 in chips)
Seat 6: Josiah_Chives ($15.83 in chips)
Iris_Beans: posts small blind $0.10
Ashli_Soursop: posts big blind $0.25
*** HOLE CARDS ***
Dealt to Hero [9h Kh]
Frieda_Rosemary: Leave(Auto)
Josiah_Chives: folds
Josiah_Chives: Leave(Auto)
Janna_Oregano: folds
Janna_Oregano: Leave(Auto)
Frieda_Rosemary: folds
Hero: raises $0.66 to $0.66
Iris_Beans: folds
Iris_Beans: Leave(Auto)
Ashli_Soursop: raises $1.83 to $2.08
Hero: calls $1.42
*** FLOP *** [3d 5d Qh]
Ashli_Soursop: checks
Hero: checks
*** TURN *** [3d 5d Qh] [6d]
Ashli_Soursop: checks
Hero: checks
*** RIVER *** [3d 5d Qh 6d] [9c]
Ashli_Soursop: checks
Hero: bets $1
Ashli_Soursop: folds
Ashli_Soursop: Leave(Auto)
Uncalled bet ($1) returned to Hero
Hero: doesn't show hand
Hero collected $4.05 from pot
*** SUMMARY ***
Total pot $4.05



PokerStars Hand #3631840187: Hold'em No Limit ($0.10/$0.25)
Table '#1286' 6-max Seat #2 is the button
Seat 1: Hero ($76.44 in chips)
Seat 2: Summer_Ginger ($55.99 in chips)
Seat 3: Shena_Lime ($20.29 in chips)
Seat 4: Melvin_Cayenne ($47.59 in chips)
Seat 5: Hyman_Pears ($30.74 in chips)
Seat 6: Raul_Skirret ($30.76 in chips)
Shena_Lime: posts small blind $0.10
Melvin_Cayenne: posts big blind $0.25
*** HOLE CARDS ***
Dealt to Hero [7h 7d]
Shena_Lime: Leave(Auto)
Summer_Ginger: Leave(Auto)
Hyman_Pears: folds
Hyman_Pears: Leave(Auto)
Raul_Skirret: folds
Raul_Skirret: Leave(Auto)
Hero: raises $0.66 to $0.66
Summer_Ginger: folds
Shena_Lime: folds
Melvin_Cayenne: folds
Melvin_Cayenne: Leave(Auto)
Uncalled bet ($0.41) returned to Hero
Hero: doesn't show hand
Hero collected $0.60 from pot
*** SUMMARY ***
Total pot $0.6



PokerStars Hand #3631840368: Hold'em No Limit ($0.10/$0.25)
Table '#1286' 6-max Seat #6 is the button
Seat 1: Evita_Cabbage ($23.93 in chips)
Seat 2: Laura_Oregano ($34.70 in chips)
Seat 3: Sonya_Orange ($49.48 in chips)
Seat 4: Jina_Kohlrabi ($12.25 in chips)
Seat 5: Hero ($76.79 in chips)
Seat 6: Lamar_Onions ($35.15 in chips)
Evita_Cabbage: posts small blind $0.10
Laura_Oregano: posts big blind $0.25
*** HOLE CARDS ***
Dealt to Hero [Tc 9c]
Sonya_Orange: folds
Sonya_Orange: Leave(Auto)
Jina_Kohlrabi: folds
Jina_Kohlrabi: Leave(Auto)
Hero: raises $0.66 to $0.66
Lamar_Onions: raises $2.33 to $2.33
Evita_Cabbage: folds
Evita_Cabbage: Leave(Auto)
Laura_Oregano: folds
Laura_Oregano: Leave(Auto)
Hero: calls $1.67
*** FLOP *** [Th 3d 4h]
Hero: checks
Lamar_Onions: bets $2.08
Hero: calls $2.08
*** TURN *** [Th 3d 4h] [Jd]
Hero: checks
Lamar_Onions: checks
*** RIVER *** [Th 3d 4h Jd] [Qh]
Hero: checks
Lamar_Onions: checks
*** SHOW DOWN ***
Hero: shows null (a pair of Tens)
Lamar_Onions: shows [Ks Kh] (a pair of Kings)
Lamar_Onions collected $8.72 from pot
*** SUMMARY ***
Total pot $8.72



PokerStars Hand #3631840905: Hold'em No Limit ($0.10/$0.25)
Table '#1286' 6-max Seat #6 is the button
Seat 1: Tamara_Spinach ($24.75 in chips)
Seat 2: Nelle_Melon ($20.07 in chips)
Seat 3: Hero ($72.38 in chips)
Seat 4: Arron_Bananas ($39.46 in chips)
Seat 5: Audrey_Fennel ($13.64 in chips)
Seat 6: Bertha_Turnips ($30.75 in chips)
Tamara_Spinach: posts small blind $0.10
Nelle_Melon: posts big blind $0.25
*** HOLE CARDS ***
Dealt to Hero [3h Ac]
Bertha_Turnips: Leave(Auto)
Arron_Bananas: Leave(Auto)
Hero: folds
Hero: Leave(Auto)
Arron_Bananas: folds
Nelle_Melon: Leave(Auto)
Audrey_Fennel: folds
Audrey_Fennel: Leave(Auto)
Bertha_Turnips: folds
Tamara_Spinach: raises $0.65 to $0.75
Nelle_Melon: folds
Uncalled bet ($0.50) returned to Tamara_Spinach
Tamara_Spinach: doesn't show hand
Tamara_Spinach collected $0.50 from pot
*** SUMMARY ***
Total pot $0.5



PokerStars Hand #3631840941: Hold'em No Limit ($0.10/$0.25)
Table '#1286' 6-max Seat #1 is the button
Seat 1: Jaimee_Rutabaga ($14.64 in chips)
Seat 2: Zandra_Olive ($24.50 in chips)
Seat 3: Maggie_Potatos ($30.75 in chips)
Seat 4: Dwana_Soy ($39.46 in chips)
Seat 5: Jerica_Goji ($24.65 in chips)
Seat 6: Hero ($72.38 in chips)
Zandra_Olive: posts small blind $0.10
Maggie_Potatos: posts big blind $0.25
*** HOLE CARDS ***
Dealt to Hero [8d 4c]
Jerica_Goji: Leave(Auto)
Hero: Leave(Auto)
Dwana_Soy: folds
Dwana_Soy: Leave(Auto)
Jerica_Goji: folds
Hero: folds
Jaimee_Rutabaga: folds
Jaimee_Rutabaga: Leave(Auto)
Zandra_Olive: raises $0.65 to $0.75
Maggie_Potatos: calls $0.50
*** FLOP *** [7d 3c Ah]
Zandra_Olive: bets $1
Maggie_Potatos: folds
Maggie_Potatos: Leave(Auto)
Uncalled bet ($1) returned to Zandra_Olive
Zandra_Olive: doesn't show hand
Zandra_Olive collected $1.43 from pot
*** SUMMARY ***
Total pot $1.43



PokerStars Hand #3631840991: Hold'em No Limit ($0.10/$0.25)
Table '#1286' 6-max Seat #1 is the button
Seat 1: Artie_Papaya ($36.66 in chips)
Seat 2: Nu_Apples ($44.87 in chips)
Seat 3: Hero ($72.38 in chips)
Seat 4: Karlyn_Olive ($39.46 in chips)
Seat 5: Kerry_Lavender ($18.83 in chips)
Seat 6: Joeann_Orange ($13.64 in chips)
Nu_Apples: posts small blind $0.10
Hero: posts big blind $0.25
*** HOLE CARDS ***
Dealt to Hero [Ad 7h]
Kerry_Lavender: Leave(Auto)
Karlyn_Olive: folds
Karlyn_Olive: Leave(Auto)
Kerry_Lavender: folds
Nu_Apples: Leave(Auto)
Joeann_Orange: folds
Joeann_Orange: Leave(Auto)
Artie_Papaya: raises $0.75 to $0.75
Nu_Apples: folds
Hero: calls $0.50
*** FLOP *** [3d 3h 7d]
Hero: checks
Artie_Papaya: bets $0.75
Hero: calls $0.75
*** TURN *** [3d 3h 7d] [Ah]
Hero: checks
Artie_Papaya: checks
*** RIVER *** [3d 3h 7d Ah] [Td]
Hero: bets $3.10
Artie_Papaya: folds
Artie_Papaya: Leave(Auto)
Uncalled bet ($3.10) returned to Hero
Hero: doesn't show hand
Hero collected $2.95 from pot
*** SUMMARY ***
Total pot $2.95



PokerStars Hand #3631841453: Hold'em No Limit ($0.10/$0.25)
Table '#1286' 6-max Seat #1 is the button
Seat 1: Isiah_Zuchinis ($31.80 in chips)
Seat 2: Hero ($73.83 in chips)
Seat 3: Kasi_Turnips ($22.04 in chips)
Seat 4: Marlon_Shallot ($25.10 in chips)
Seat 5: Adelia_Peas ($23.43 in chips)
Seat 6: Raul_Chili ($18.89 in chips)
Hero: posts small blind $0.10
Kasi_Turnips: posts big blind $0.25
*** HOLE CARDS ***
Dealt to Hero [5c Ah]
Adelia_Peas: Leave(Auto)
Marlon_Shallot: folds
Marlon_Shallot: Leave(Auto)
Adelia_Peas: folds
Raul_Chili: folds
Raul_Chili: Leave(Auto)
Kasi_Turnips: Leave(Auto)
Isiah_Zuchinis: folds
Isiah_Zuchinis: Leave(Auto)
Hero: calls $0.15
Kasi_Turnips: checks
*** FLOP *** [Ac 7c Jc]
Hero: bets $0.25
Kasi_Turnips: folds
Uncalled bet ($0.25) returned to Hero
Hero: doesn't show hand
Hero collected $0.48 from pot
*** SUMMARY ***
Total pot $0.50 | Rake $0.02
Board [Ac 7c Jc]
Seat 1: Isiah_Zuchinis (button) mucked [5s 3s]
Seat 2: Hero (small blind) showed null and won ($0.48)
Seat 3: Kasi_Turnips (big blind) showed [4d 2s] and lost
Seat 4: Marlon_Shallot mucked [Kh 3h]
Seat 5: Adelia_Peas showed [7h Qs] and lost
Seat 6: Raul_Chili mucked [8c 7d]



PokerStars Hand #3631841706: Hold'em No Limit ($0.10/$0.25)
Table '#1286' 6-max Seat #6 is the button
Seat 1: Caron_Dill ($34.09 in chips)
Seat 2: Fatima_Cherry ($64.12 in chips)
Seat 3: Arron_Alfalfa ($19.46 in chips)
Seat 4: Tanner_Cucumber ($12.68 in chips)
Seat 5: Avis_Pears ($24.55 in chips)
Seat 6: Hero ($74.06 in chips)
Caron_Dill: posts small blind $0.10
Fatima_Cherry: posts big blind $0.25
*** HOLE CARDS ***
Dealt to Hero [Kc 7c]
Avis_Pears: Leave(Auto)
Arron_Alfalfa: folds
Arron_Alfalfa: Leave(Auto)
Tanner_Cucumber: folds
Avis_Pears: folds
Tanner_Cucumber: Seat re-join
Tanner_Cucumber: Leave(Auto)
Hero: raises $0.66 to $0.66
Caron_Dill: raises $2.40 to $2.50
Fatima_Cherry: folds
Fatima_Cherry: Leave(Auto)
Hero: folds
Hero: Leave(Auto)
Uncalled bet ($1.84) returned to Caron_Dill
Caron_Dill: doesn't show hand
Caron_Dill collected $1.57 from pot
*** SUMMARY ***
Total pot $1.57



PokerStars Hand #3631842014: Hold'em No Limit ($0.10/$0.25)
Table '#1286' 6-max Seat #2 is the button
Seat 1: Terrie_Marjoram ($24.30 in chips)
Seat 2: Hero ($73.40 in chips)
Seat 3: Darron_Melon ($29.69 in chips)
Seat 4: Wai_Yuzu ($12.50 in chips)
Seat 5: Darla_Onions ($20.17 in chips)
Seat 6: Norene_Quince ($18.10 in chips)
Darron_Melon: posts small blind $0.10
Wai_Yuzu: posts big blind $0.25
*** HOLE CARDS ***
Dealt to Hero [2h Th]
Darron_Melon: Leave(Auto)
Darla_Onions: folds
Darla_Onions: Leave(Auto)
Hero: Leave(Auto)
Norene_Quince: folds
Norene_Quince: Leave(Auto)
Terrie_Marjoram: raises $0.75 to $0.75
Hero: folds
Darron_Melon: folds
Wai_Yuzu: folds
Wai_Yuzu: Leave(Auto)
Uncalled bet ($0.50) returned to Terrie_Marjoram
Terrie_Marjoram: doesn't show hand
Terrie_Marjoram collected $0.60 from pot
*** SUMMARY ***
Total pot $0.60
Seat 1: Terrie_Marjoram showed [Qs Qc] and won ($0.60)
Seat 2: Hero (button) showed [2h Th] and lost
Seat 3: Darron_Melon (small blind) showed [2c 9s] and lost
Seat 4: Wai_Yuzu (big blind) mucked [5s 9h]
Seat 5: Darla_Onions mucked [3s 6d]
Seat 6: Norene_Quince mucked [3h 4h]



PokerStars Hand #3631842072: Hold'em No Limit ($0.10/$0.25)
Table '#1286' 6-max Seat #6 is the button
Seat 1: Richie_Peach ($20.17 in chips)
Seat 2: Ernest_Pomelo ($31.80 in chips)
Seat 3: Ruth_Skirret ($24.25 in chips)
Seat 4: Doreen_Pomelo ($13.57 in chips)
Seat 5: Andera_Satsuma ($35 in chips)
Seat 6: Hero ($73.40 in chips)
Richie_Peach: posts small blind $0.10
Ernest_Pomelo: posts big blind $0.25
*** HOLE CARDS ***
Dealt to Hero [2s 2h]
Richie_Peach: Leave(Auto)
Andera_Satsuma: Leave(Auto)
Ruth_Skirret: raises $0.75 to $0.75
Doreen_Pomelo: folds
Doreen_Pomelo: Leave(Auto)
Andera_Satsuma: folds
Hero: calls $0.75
Richie_Peach: folds
Ernest_Pomelo: calls $0.50
*** FLOP *** [5h 5c 3h]
Ernest_Pomelo: checks
Ruth_Skirret: bets $1.60
Hero: calls $1.60
Ernest_Pomelo: folds
Ernest_Pomelo: Leave(Auto)
*** TURN *** [5h 5c 3h] [3d]
Ruth_Skirret: checks
Hero: bets $3.33
Ruth_Skirret: folds
Ruth_Skirret: Leave(Auto)
Uncalled bet ($3.33) returned to Hero
Hero: doesn't show hand
Hero collected $5.28 from pot
*** SUMMARY ***
Total pot $5.55 | Rake $0.27
Board [5h 5c 3h 3d]
Seat 1: Richie_Peach (small blind) showed [8h 2c] and lost
Seat 2: Ernest_Pomelo (big blind) mucked [Qc Ks]
Seat 3: Ruth_Skirret mucked [Ac Kc]
Seat 4: Doreen_Pomelo mucked [As 6c]
Seat 5: Andera_Satsuma showed [4c 7s] and lost
Seat 6: Hero (button) showed null and won ($5.28)



PokerStars Hand #3631842616: Hold'em No Limit ($0.10/$0.25)
Table '#1286' 6-max Seat #6 is the button
Seat 1: Hero ($76.33 in chips)
Seat 2: Lesa_Honeydew ($37.28 in chips)
Seat 3: Melisa_Daikon ($25 in chips)
Seat 4: Diego_Goji ($25.83 in chips)
Seat 5: Byron_Leek ($25.35 in chips)
Seat 6: Felix_Tamarind ($26.08 in chips)
Hero: posts small blind $0.10
Lesa_Honeydew: posts big blind $0.25
*** HOLE CARDS ***
Dealt to Hero [5d Ts]
Byron_Leek: Leave(Auto)
Melisa_Daikon: folds
Melisa_Daikon: Leave(Auto)
Hero: Leave(Auto)
Diego_Goji: raises $0.75 to $0.75
Byron_Leek: folds
Felix_Tamarind: calls $0.75
Hero: folds
Lesa_Honeydew: calls $0.50
*** FLOP *** [Jd 2d 8c]
Lesa_Honeydew: checks
Diego_Goji: checks
Felix_Tamarind: checks
*** TURN *** [Jd 2d 8c] [Qh]
Lesa_Honeydew: checks
Diego_Goji: checks
Felix_Tamarind: checks
*** RIVER *** [Jd 2d 8c Qh] [7s]
Lesa_Honeydew: checks
Diego_Goji: checks
Felix_Tamarind: checks
*** SHOW DOWN ***
Lesa_Honeydew: shows [2s 9s] (a pair of Deuces)
Diego_Goji: Mucks [5s Ks] (High Card)
Felix_Tamarind: Mucks [4h 5h] (High Card)
Lesa_Honeydew collected $2.24 from pot
*** SUMMARY ***
Total pot $2.35 | Rake $0.11
Board [Jd 2d 8c Qh 7s]
Seat 1: Hero (small blind) mucked
Seat 2: Lesa_Honeydew (big blind) showed [2s 9s] and won ($2.24) with a pair of Deuces
Seat 3: Melisa_Daikon mucked [Qd 6d]
Seat 4: Diego_Goji mucked [5s Ks]
Seat 5: Byron_Leek mucked
Seat 6: Felix_Tamarind (button) mucked [4h 5h]



PokerStars Hand #3631842662: Hold'em No Limit ($0.10/$0.25)
Table '#1286' 6-max Seat #1 is the button
Seat 1: Timmy_Cucumber ($25.35 in chips)
Seat 2: Darwin_Lime ($26.69 in chips)
Seat 3: Fran_Parsley ($25 in chips)
Seat 4: Samual_Parsley ($25.90 in chips)
Seat 5: Hero ($76.23 in chips)
Seat 6: Genna_Carrots ($23.58 in chips)
Darwin_Lime: posts small blind $0.10
Fran_Parsley: posts big blind $0.25
*** HOLE CARDS ***
Dealt to Hero [As 8d]
Hero: Leave(Auto)
Samual_Parsley: folds
Samual_Parsley: Leave(Auto)
Hero: folds
Genna_Carrots: raises $0.75 to $0.75
Fran_Parsley: Leave(Auto)
Timmy_Cucumber: raises $2.25 to $2.25
Genna_Carrots: Leave(Auto)
Darwin_Lime: raises $7.40 to $7.50
Fran_Parsley: folds
Genna_Carrots: folds
Timmy_Cucumber: folds
Timmy_Cucumber: Leave(Auto)
Uncalled bet ($5.25) returned to Darwin_Lime
Darwin_Lime: doesn't show hand
Darwin_Lime collected $5.50 from pot
*** SUMMARY ***
Total pot $5.5



PokerStars Hand #3631842709: Hold'em No Limit ($0.10/$0.25)
Table '#1286' 6-max Seat #5 is the button
Seat 1: Hero ($76.23 in chips)
Seat 2: Tamica_Cucumber ($34.78 in chips)
Seat 3: Tamala_Tamarind ($24.40 in chips)
Seat 4: Jena_Orange ($71.14 in chips)
Seat 5: Sabra_Dates ($100 in chips)
Seat 6: Elidia_Jalapeño ($25.90 in chips)
Elidia_Jalapeño: posts small blind $0.10
Hero: posts big blind $0.25
*** HOLE CARDS ***
Dealt to Hero [Ts 5d]
Jena_Orange: Leave(Auto)
Tamica_Cucumber: folds
Tamica_Cucumber: Leave(Auto)
Sabra_Dates: Leave(Auto)
Tamala_Tamarind: raises $0.75 to $0.75
Jena_Orange: folds
Sabra_Dates: folds
Hero: Leave(Auto)
Elidia_Jalapeño: folds
Elidia_Jalapeño: Leave(Auto)
Hero: folds
Uncalled bet ($0.50) returned to Tamala_Tamarind
Tamala_Tamarind: doesn't show hand
Tamala_Tamarind collected $0.60 from pot
*** SUMMARY ***
Total pot $0.6



PokerStars Hand #3631842847: Hold'em No Limit ($0.10/$0.25)
Table '#1286' 6-max Seat #4 is the button
Seat 1: Hero ($75.98 in chips)
Seat 2: Hyon_Lavender ($13.18 in chips)
Seat 3: Hyon_Yams ($35.99 in chips)
Seat 4: Morgan_Onions ($22.29 in chips)
Seat 5: Erik_Cherry ($31.59 in chips)
Seat 6: Kai_Papaya ($25 in chips)
Erik_Cherry: posts small blind $0.10
Kai_Papaya: posts big blind $0.25
*** HOLE CARDS ***
Dealt to Hero [4d 3h]
Hero: folds
Hero: Leave(Auto)
Hyon_Yams: Leave(Auto)
Hyon_Lavender: folds
Hyon_Lavender: Leave(Auto)
Hyon_Yams: folds
Morgan_Onions: folds
Morgan_Onions: Leave(Auto)
Erik_Cherry: calls $0.15
Kai_Papaya: checks
*** FLOP *** [Kd 7s 7c]
Erik_Cherry: checks
Kai_Papaya: bets $0.50
Erik_Cherry: folds
Erik_Cherry: Leave(Auto)
Uncalled bet ($0.50) returned to Kai_Papaya
Kai_Papaya: doesn't show hand
Kai_Papaya collected $0.48 from pot
*** SUMMARY ***
Total pot $0.48



PokerStars Hand #3631842891: Hold'em No Limit ($0.10/$0.25)
Table '#1286' 6-max Seat #5 is the button
Seat 1: Ira_Apricots ($52.41 in chips)
Seat 2: Anitra_Grapes ($25 in chips)
Seat 3: Kellye_Caraway ($96.25 in chips)
Seat 4: Romana_Kohlrabi ($56.85 in chips)
Seat 5: Hero ($75.98 in chips)
Seat 6: Ryann_Guava ($24.55 in chips)
Ryann_Guava: posts small blind $0.10
Ira_Apricots: posts big blind $0.25
*** HOLE CARDS ***
Dealt to Hero [Jd 2s]
Romana_Kohlrabi: Leave(Auto)
Anitra_Grapes: folds
Anitra_Grapes: Leave(Auto)
Hero: Leave(Auto)
Kellye_Caraway: raises $0.75 to $0.75
Romana_Kohlrabi: folds
Hero: folds
Ryann_Guava: folds
Ryann_Guava: Leave(Auto)
Ira_Apricots: folds
Ira_Apricots: Leave(Auto)
Uncalled bet ($0.50) returned to Kellye_Caraway
Kellye_Caraway: doesn't show hand
Kellye_Caraway collected $0.60 from pot
*** SUMMARY ***
Total pot $0.60
Seat 1: Ira_Apricots (big blind) mucked [7s 9h]
Seat 2: Anitra_Grapes mucked [Qs Jh]
Seat 3: Kellye_Caraway showed [8d Ad] and won ($0.60)
Seat 4: Romana_Kohlrabi showed [Tc 2c] and lost
Seat 5: Hero (button) showed [Jd 2s] and lost
Seat 6: Ryann_Guava (small blind) mucked [7c 2h]



PokerStars Hand #3631842929: Hold'em No Limit ($0.10/$0.25)
Table '#1286' 6-max Seat #5 is the button
Seat 1: Joetta_Goji ($56.85 in chips)
Seat 2: Carl_Beets ($21.55 in chips)
Seat 3: Lillie_Parnsip ($25 in chips)
Seat 4: Hero ($75.98 in chips)
Seat 5: Nelson_Onions ($31.50 in chips)
Seat 6: Burt_Parnsip ($34.56 in chips)
Burt_Parnsip: posts small blind $0.10
Joetta_Goji: posts big blind $0.25
*** HOLE CARDS ***
Dealt to Hero [4h 6d]
Carl_Beets: folds
Carl_Beets: Leave(Auto)
Hero: Leave(Auto)
Lillie_Parnsip: folds
Lillie_Parnsip: Leave(Auto)
Hero: folds
Burt_Parnsip: Leave(Auto)
Nelson_Onions: raises $0.50 to $0.50
Burt_Parnsip: folds
Joetta_Goji: calls $0.25
*** FLOP *** [Ks Qc 2s]
Joetta_Goji: checks
Nelson_Onions: bets $0.25
Joetta_Goji: calls $0.25
*** TURN *** [Ks Qc 2s] [3h]
Joetta_Goji: checks
Nelson_Onions: bets $0.25
Joetta_Goji: calls $0.25
*** RIVER *** [Ks Qc 2s 3h] [2h]
Joetta_Goji: checks
Nelson_Onions: bets $0.75
Joetta_Goji: folds
Joetta_Goji: Leave(Auto)
Uncalled bet ($0.75) returned to Nelson_Onions
Nelson_Onions: doesn't show hand
Nelson_Onions collected $2 from pot
*** SUMMARY ***
Total pot $2.10 | Rake $0.10
Board [Ks Qc 2s 3h 2h]
Seat 1: Joetta_Goji (big blind) mucked [Jh 9c]
Seat 2: Carl_Beets mucked [Qd 8d]
Seat 3: Lillie_Parnsip mucked [9d Js]
Seat 4: Hero showed [4h 6d] and lost
Seat 5: Nelson_Onions (button) showed [Td Ad] and won ($2)
Seat 6: Burt_Parnsip (small blind) showed [3s Kc] and lost



PokerStars Hand #3631842962: Hold'em No Limit ($0.10/$0.25)
Table '#1286' 6-max Seat #2 is the button
Seat 1: Aide_Kiwi ($65.31 in chips)
Seat 2: Paula_Peppers ($21.55 in chips)
Seat 3: Fiona_Bok Choy ($23.10 in chips)
Seat 4: Les_Squash ($25.80 in chips)
Seat 5: Hero ($75.98 in chips)
Seat 6: Riley_Quince ($45.39 in chips)
Fiona_Bok Choy: posts small blind $0.10
Les_Squash: posts big blind $0.25
*** HOLE CARDS ***
Dealt to Hero [As Qc]
Fiona_Bok Choy: Leave(Auto)
Aide_Kiwi: Leave(Auto)
Hero: raises $0.66 to $0.66
Paula_Peppers: Leave(Auto)
Riley_Quince: folds
Aide_Kiwi: folds
Paula_Peppers: folds
Fiona_Bok Choy: folds
Les_Squash: folds
Les_Squash: Leave(Auto)
Uncalled bet ($0.41) returned to Hero
Hero: doesn't show hand
Hero collected $0.60 from pot
*** SUMMARY ***
Total pot $0.6



PokerStars Hand #3631843204: Hold'em No Limit ($0.10/$0.25)
Table '#1286' 6-max Seat #3 is the button
Seat 1: Carter_Carrots ($26.55 in chips)
Seat 2: Carson_Potatos ($37.42 in chips)
Seat 3: Tawnya_Chard ($29.29 in chips)
Seat 4: Hero ($76.33 in chips)
Seat 5: Darcel_Melon ($24.90 in chips)
Seat 6: Sherly_Celeriac ($31.70 in chips)
Hero: posts small blind $0.10
Darcel_Melon: posts big blind $0.25
*** HOLE CARDS ***
Dealt to Hero [3d Ad]
Carson_Potatos: Leave(Auto)
Sherly_Celeriac: folds
Sherly_Celeriac: Leave(Auto)
Carter_Carrots: raises $0.75 to $0.75
Carson_Potatos: folds
Hero: Leave(Auto)
Tawnya_Chard: calls $0.75
Hero: folds
Darcel_Melon: calls $0.50
*** FLOP *** [Qs 8h Kh]
Darcel_Melon: checks
Carter_Carrots: bets $1.50
Darcel_Melon: Leave(Auto)
Tawnya_Chard: calls $1.50
Darcel_Melon: folds
*** TURN *** [Qs 8h Kh] [2s]
Carter_Carrots: checks
Tawnya_Chard: checks
*** RIVER *** [Qs 8h Kh 2s] [Jh]
Carter_Carrots: bets $1.25
Tawnya_Chard: calls $1.25
*** SHOW DOWN ***
Carter_Carrots: shows [Qd 9d] (a pair of Queens)
Tawnya_Chard: Mucks [Jd Th] (One pair)
Carter_Carrots collected $7.46 from pot
*** SUMMARY ***
Total pot $7.85 | Rake $0.39
Board [Qs 8h Kh 2s Jh]
Seat 1: Carter_Carrots showed [Qd 9d] and won ($7.46) with a pair of Queens
Seat 2: Carson_Potatos mucked
Seat 3: Tawnya_Chard (button) mucked [Jd Th]
Seat 4: Hero (small blind) mucked
Seat 5: Darcel_Melon (big blind) mucked
Seat 6: Sherly_Celeriac mucked [4h Ks]



PokerStars Hand #3631843330: Hold'em No Limit ($0.10/$0.25)
Table '#1286' 6-max Seat #6 is the button
Seat 1: Arlyne_Potatos ($22.75 in chips)
Seat 2: Margie_Mulberry ($29.52 in chips)
Seat 3: Slyvia_Melon ($10.99 in chips)
Seat 4: Hero ($76.23 in chips)
Seat 5: Roslyn_Cherry ($52.95 in chips)
Seat 6: Loma_Tabasco ($14.51 in chips)
Arlyne_Potatos: posts small blind $0.10
Margie_Mulberry: posts big blind $0.25
*** HOLE CARDS ***
Dealt to Hero [Qs Th]
Loma_Tabasco: Leave(Auto)
Arlyne_Potatos: Leave(Auto)
Slyvia_Melon: calls $0.25
Roslyn_Cherry: Leave(Auto)
Hero: folds
Hero: Leave(Auto)
Roslyn_Cherry: folds
Loma_Tabasco: folds
Arlyne_Potatos: folds
Margie_Mulberry: raises $0.75 to $1
Slyvia_Melon: calls $0.75
*** FLOP *** [9s 9d 5h]
Margie_Mulberry: checks
Slyvia_Melon: bets $1
Margie_Mulberry: calls $1
*** TURN *** [9s 9d 5h] [Qc]
Margie_Mulberry: checks
Slyvia_Melon: bets $1
Margie_Mulberry: calls $1
*** RIVER *** [9s 9d 5h Qc] [4s]
Margie_Mulberry: checks
Slyvia_Melon: checks
*** SHOW DOWN ***
Margie_Mulberry: shows [As Ks] (a pair of Nines)
Slyvia_Melon: shows [2h 2d] (two pair, Nines and Deuces)
Slyvia_Melon collected $5.80 from pot
*** SUMMARY ***
Total pot $5.8



PokerStars Hand #3631843421: Hold'em No Limit ($0.10/$0.25)
Table '#1286' 6-max Seat #3 is the button
Seat 1: Jesse_Papaya ($96.35 in chips)
Seat 2: Noreen_Parsley ($22.65 in chips)
Seat 3: Hester_Anise ($35.79 in chips)
Seat 4: Hero ($76.23 in chips)
Seat 5: Gordon_Lavender ($30.25 in chips)
Seat 6: Era_Rambutan ($23.85 in chips)
Hero: posts small blind $0.10
Gordon_Lavender: posts big blind $0.25
*** HOLE CARDS ***
Dealt to Hero [2c 3d]
Hester_Anise: Leave(Auto)
Era_Rambutan: folds
Era_Rambutan: Leave(Auto)
Jesse_Papaya: folds
Jesse_Papaya: Leave(Auto)
Hero: Leave(Auto)
Noreen_Parsley: raises $0.75 to $0.75
Hester_Anise: folds
Hero: folds
Gordon_Lavender: folds
Gordon_Lavender: Leave(Auto)
Uncalled bet ($0.50) returned to Noreen_Parsley
Noreen_Parsley: doesn't show hand
Noreen_Parsley collected $0.60 from pot
*** SUMMARY ***
Total pot $0.60
Seat 1: Jesse_Papaya mucked [As 8d]
Seat 2: Noreen_Parsley showed [Kh Ah] and won ($0.60)
Seat 3: Hester_Anise (button) showed [4d 6h] and lost
Seat 4: Hero (small blind) showed [2c 3d] and lost
Seat 5: Gordon_Lavender (big blind) mucked [3c 9h]
Seat 6: Era_Rambutan mucked [Qc Th]



PokerStars Hand #3631843516: Hold'em No Limit ($0.10/$0.25)
Table '#1286' 6-max Seat #5 is the button
Seat 1: Hero ($76.13 in chips)
Seat 2: Carin_Cayenne ($26.85 in chips)
Seat 3: Alena_Honeydew ($25.13 in chips)
Seat 4: Tamie_Mango ($53.97 in chips)
Seat 5: Eartha_Fennel ($16.48 in chips)
Seat 6: Ashly_Bok Choy ($29.47 in chips)
Ashly_Bok Choy: posts small blind $0.10
Hero: posts big blind $0.25
*** HOLE CARDS ***
Dealt to Hero [5d Kh]
Tamie_Mango: Leave(Auto)
Alena_Honeydew: Leave(Auto)
Carin_Cayenne: folds
Carin_Cayenne: Leave(Auto)
Alena_Honeydew: folds
Tamie_Mango: folds
Eartha_Fennel: raises $0.75 to $0.75
Hero: Leave(Auto)
Ashly_Bok Choy: calls $0.65
Hero: folds
*** FLOP *** [Kd Qc Ac]
Ashly_Bok Choy: checks
Eartha_Fennel: bets $0.50
Ashly_Bok Choy: calls $0.50
*** TURN *** [Kd Qc Ac] [4c]
Ashly_Bok Choy: checks
Eartha_Fennel: checks
*** RIVER *** [Kd Qc Ac 4c] [Ad]
Ashly_Bok Choy: bets $2.75
Eartha_Fennel: calls $2.75
*** SHOW DOWN ***
Ashly_Bok Choy: shows [Qd Qh] (a full house, Queens full of Aces)
Eartha_Fennel: shows [Ah 8h] (three of a kind, Aces)
Ashly_Bok Choy collected $7.84 from pot
*** SUMMARY ***
Total pot $7.84



PokerStars Hand #3631843699: Hold'em No Limit ($0.10/$0.25)
Table '#1286' 6-max Seat #5 is the button
Seat 1: Lucile_Chives ($25.35 in chips)
Seat 2: Hero ($75.88 in chips)
Seat 3: Audrie_Raisins ($16.41 in chips)
Seat 4: Simona_Rutabaga ($76.93 in chips)
Seat 5: Kayla_Thyme ($30 in chips)
Seat 6: Flo_Lavender ($10.27 in chips)
Flo_Lavender: posts small blind $0.10
Lucile_Chives: posts big blind $0.25
*** HOLE CARDS ***
Dealt to Hero [3s 2s]
Simona_Rutabaga: Leave(Auto)
Audrie_Raisins: Leave(Auto)
Hero: folds
Hero: Leave(Auto)
Audrie_Raisins: folds
Simona_Rutabaga: folds
Kayla_Thyme: raises $0.75 to $0.75
Flo_Lavender: folds
Flo_Lavender: Leave(Auto)
Lucile_Chives: calls $0.50
*** FLOP *** [6h 7s Jd]
Lucile_Chives: checks
Kayla_Thyme: checks
*** TURN *** [6h 7s Jd] [Kh]
Lucile_Chives: bets $0.80
Kayla_Thyme: calls $0.80
*** RIVER *** [6h 7s Jd Kh] [9c]
Lucile_Chives: bets $3.10
Kayla_Thyme: calls $3.10
*** SHOW DOWN ***
Lucile_Chives: shows [Kc 9h] (two pair, Kings and Nines)
Kayla_Thyme: Mucks [Ks Qs] (One pair)
Lucile_Chives collected $8.93 from pot
*** SUMMARY ***
Total pot $8.93



PokerStars Hand #3631843751: Hold'em No Limit ($0.10/$0.25)
Table '#1286' 6-max Seat #1 is the button
Seat 1: Lettie_Soy ($40.97 in chips)
Seat 2: Ming_Goji ($63.82 in chips)
Seat 3: Saul_Papaya ($16.41 in chips)
Seat 4: Hero ($75.88 in chips)
Seat 5: Terese_Kohlrabi ($15.68 in chips)
Seat 6: Ivey_Mango ($49.80 in chips)
Ming_Goji: posts small blind $0.10
Saul_Papaya: posts big blind $0.25
*** HOLE CARDS ***
Dealt to Hero [6s 9c]
Ivey_Mango: Leave(Auto)
Terese_Kohlrabi: Leave(Auto)
Hero: folds
Hero: Leave(Auto)
Terese_Kohlrabi: folds
Ivey_Mango: folds
Ming_Goji: Leave(Auto)
Lettie_Soy: raises $0.75 to $0.75
Ming_Goji: folds
Saul_Papaya: calls $0.50
*** FLOP *** [7d 6c Tc]
Saul_Papaya: checks
Lettie_Soy: checks
*** TURN *** [7d 6c Tc] [Jc]
Saul_Papaya: bets $0.80
Lettie_Soy: calls $0.80
*** RIVER *** [7d 6c Tc Jc] [4s]
Saul_Papaya: checks
Lettie_Soy: bets $1.50
Saul_Papaya: folds
Saul_Papaya: Leave(Auto)
Uncalled bet ($1.50) returned to Lettie_Soy
Lettie_Soy: doesn't show hand
Lettie_Soy collected $3.04 from pot
*** SUMMARY ***
Total pot $3.04



PokerStars Hand #3631843803: Hold'em No Limit ($0.10/$0.25)
Table '#1286' 6-max Seat #6 is the button
Seat 1: Leonor_Sage ($6.57 in chips)
Seat 2: Hero ($75.88 in chips)
Seat 3: Jewel_Paprika ($24.88 in chips)
Seat 4: Claude_Prunes ($24.65 in chips)
Seat 5: Hubert_Arugula ($66.75 in chips)
Seat 6: Darin_Plumcot ($56.99 in chips)
Leonor_Sage: posts small blind $0.10
Hero: posts big blind $0.25
*** HOLE CARDS ***
Dealt to Hero [Qd 7d]
Hubert_Arugula: Leave(Auto)
Jewel_Paprika: folds
Jewel_Paprika: Leave(Auto)
Claude_Prunes: folds
Claude_Prunes: Leave(Auto)
Hubert_Arugula: folds
Darin_Plumcot: raises $0.50 to $0.50
Leonor_Sage: calls $0.40
Hero: calls $0.25
*** FLOP *** [Qh 2s 6c]
Leonor_Sage: checks
Hero: checks
Darin_Plumcot: checks
*** TURN *** [Qh 2s 6c] [Kc]
Leonor_Sage: bets $0.50
Hero: calls $0.50
Darin_Plumcot: folds
Darin_Plumcot: Leave(Auto)
*** RIVER *** [Qh 2s 6c Kc] [9d]
Leonor_Sage: bets $2
Hero: folds
Hero: Leave(Auto)
Uncalled bet ($2) returned to Leonor_Sage
Leonor_Sage: doesn't show hand
Leonor_Sage collected $2.38 from pot
*** SUMMARY ***
Total pot $2.38



PokerStars Hand #3631844413: Hold'em No Limit ($0.10/$0.25)
Table '#1286' 6-max Seat #3 is the button
Seat 1: Carlie_Chard ($25.59 in chips)
Seat 2: Yang_Melon ($23.42 in chips)
Seat 3: Hero ($74.88 in chips)
Seat 4: Lupe_Rambutan ($96 in chips)
Seat 5: Ocie_Thyme ($24.65 in chips)
Seat 6: Vicki_Pumpkins ($12.10 in chips)
Lupe_Rambutan: posts small blind $0.10
Ocie_Thyme: posts big blind $0.25
*** HOLE CARDS ***
Dealt to Hero [3d 5c]
Lupe_Rambutan: Leave(Auto)
Yang_Melon: Leave(Auto)
Hero: Leave(Auto)
Vicki_Pumpkins: folds
Vicki_Pumpkins: Leave(Auto)
Carlie_Chard: raises $0.75 to $0.75
Yang_Melon: folds
Hero: folds
Lupe_Rambutan: folds
Ocie_Thyme: calls $0.50
*** FLOP *** [8c 9c Qs]
Ocie_Thyme: checks
Carlie_Chard: bets $0.80
Ocie_Thyme: calls $0.80
*** TURN *** [8c 9c Qs] [2c]
Ocie_Thyme: checks
Carlie_Chard: checks
*** RIVER *** [8c 9c Qs 2c] [4d]
Ocie_Thyme: bets $2.70
Carlie_Chard: folds
Carlie_Chard: Leave(Auto)
Uncalled bet ($2.70) returned to Ocie_Thyme
Ocie_Thyme: doesn't show hand
Ocie_Thyme collected $3.04 from pot
*** SUMMARY ***
Total pot $3.04



PokerStars Hand #3631844461: Hold'em No Limit ($0.10/$0.25)
Table '#1286' 6-max Seat #4 is the button
Seat 1: Chang_Collard ($23.42 in chips)
Seat 2: Karen_Parnsip ($24.55 in chips)
Seat 3: Hero ($74.88 in chips)
Seat 4: Avril_Ugli ($26.07 in chips)
Seat 5: Evette_Spinach ($7.95 in chips)
Seat 6: Herman_Peppers ($57.10 in chips)
Evette_Spinach: posts small blind $0.10
Herman_Peppers: posts big blind $0.25
*** HOLE CARDS ***
Dealt to Hero [Kh 2h]
Chang_Collard: folds
Chang_Collard: Leave(Auto)
Hero: Leave(Auto)
Karen_Parnsip: folds
Karen_Parnsip: Leave(Auto)
Hero: folds
Avril_Ugli: raises $0.75 to $0.75
Evette_Spinach: calls $0.65
Herman_Peppers: folds
Herman_Peppers: Leave(Auto)
*** FLOP *** [Ks 3d 6h]
Evette_Spinach: bets $0.62
Avril_Ugli: folds
Avril_Ugli: Leave(Auto)
Uncalled bet ($0.62) returned to Evette_Spinach
Evette_Spinach: doesn't show hand
Evette_Spinach collected $1.67 from pot
*** SUMMARY ***
Total pot $1.67



PokerStars Hand #3631844515: Hold'em No Limit ($0.10/$0.25)
Table '#1286' 6-max Seat #2 is the button
Seat 1: Edwin_Juniper ($25.63 in chips)
Seat 2: Ashlyn_Chard ($27.97 in chips)
Seat 3: Brooks_Kohlrabi ($57.04 in chips)
Seat 4: Ethel_Broccoli ($59.47 in chips)
Seat 5: Hero ($74.88 in chips)
Seat 6: Lida_Coconuts ($9.45 in chips)
Brooks_Kohlrabi: posts small blind $0.10
Ethel_Broccoli: posts big blind $0.25
*** HOLE CARDS ***
Dealt to Hero [7c Ks]
Brooks_Kohlrabi: Leave(Auto)
Hero: folds
Hero: Leave(Auto)
Ashlyn_Chard: Leave(Auto)
Lida_Coconuts: folds
Edwin_Juniper: raises $0.75 to $0.75
Ashlyn_Chard: folds
Brooks_Kohlrabi: folds
Ethel_Broccoli: calls $0.50
*** FLOP *** [Ts 5h Qh]
Ethel_Broccoli: checks
Edwin_Juniper: bets $0.80
Ethel_Broccoli: raises $3.10 to $3.10
Lida_Coconuts: Seat re-join
Lida_Coconuts: Leave(Auto)
Edwin_Juniper: folds
Edwin_Juniper: Leave(Auto)
Uncalled bet ($2.30) returned to Ethel_Broccoli
Ethel_Broccoli: doesn't show hand
Ethel_Broccoli collected $3.04 from pot
*** SUMMARY ***
Total pot $3.20 | Rake $0.16
Board [Ts 5h Qh]
Seat 1: Edwin_Juniper mucked [9s 9h]
Seat 2: Ashlyn_Chard (button) showed [2h Ad] and lost
Seat 3: Brooks_Kohlrabi (small blind) showed [2s 6d] and lost
Seat 4: Ethel_Broccoli (big blind) showed [Td Qd] and won ($3.04)
Seat 5: Hero mucked null
Seat 6: Lida_Coconuts mucked [Qs Qc]



PokerStars Hand #3631844569: Hold'em No Limit ($0.10/$0.25)
Table '#1286' 6-max Seat #4 is the button
Seat 1: Simone_Tubers ($10.91 in chips)
Seat 2: Allan_Carrots ($26 in chips)
Seat 3: Benita_Sage ($33.23 in chips)
Seat 4: Mica_Chili ($56.94 in chips)
Seat 5: Hero ($74.88 in chips)
Seat 6: Ruby_Skirret ($33.62 in chips)
Hero: posts small blind $0.10
Ruby_Skirret: posts big blind $0.25
*** HOLE CARDS ***
Dealt to Hero [8h 7s]
Simone_Tubers: folds
Simone_Tubers: Leave(Auto)
Allan_Carrots: folds
Allan_Carrots: Leave(Auto)
Benita_Sage: folds
Benita_Sage: Leave(Auto)
Mica_Chili: raises $0.50 to $0.50
Hero: folds
Hero: Leave(Auto)
Ruby_Skirret: calls $0.25
*** FLOP *** [Ts Ad 4s]
Ruby_Skirret: checks
Mica_Chili: bets $0.50
Ruby_Skirret: folds
Ruby_Skirret: Leave(Auto)
Uncalled bet ($0.50) returned to Mica_Chili
Mica_Chili: doesn't show hand
Mica_Chili collected $1.05 from pot
*** SUMMARY ***
Total pot $1.05



PokerStars Hand #3631844690: Hold'em No Limit ($0.10/$0.25)
Table '#1286' 6-max Seat #1 is the button
Seat 1: Robin_Parnsip ($76.87 in chips)
Seat 2: Eloy_Prunes ($99.61 in chips)
Seat 3: Hero ($74.78 in chips)
Seat 4: Sammie_Honeydew ($23.60 in chips)
Seat 5: Leonie_Cucumber ($28 in chips)
Seat 6: Bernie_Onions ($25.55 in chips)
Eloy_Prunes: posts small blind $0.10
Hero: posts big blind $0.25
*** HOLE CARDS ***
Dealt to Hero [8h Ah]
Sammie_Honeydew: folds
Sammie_Honeydew: Leave(Auto)
Leonie_Cucumber: folds
Leonie_Cucumber: Leave(Auto)
Bernie_Onions: folds
Bernie_Onions: Leave(Auto)
Robin_Parnsip: raises $0.50 to $0.50
Eloy_Prunes: calls $0.40
Hero: calls $0.25
*** FLOP *** [2c 2h 9h]
Eloy_Prunes: checks
Hero: checks
Robin_Parnsip: bets $1.25
Eloy_Prunes: calls $1.25
Hero: calls $1.25
*** TURN *** [2c 2h 9h] [7s]
Eloy_Prunes: checks
Hero: checks
Robin_Parnsip: checks
*** RIVER *** [2c 2h 9h 7s] [As]
Eloy_Prunes: bets $2.62
Hero: calls $2.62
Robin_Parnsip: folds
*** SHOW DOWN ***
Eloy_Prunes: shows [2d 6s] (three of a kind, Deuces)
Hero: Mucks [8h Ah] (Two pair)
Eloy_Prunes collected $9.97 from pot
*** SUMMARY ***
Total pot $9.97



PokerStars Hand #3631845469: Hold'em No Limit ($0.10/$0.25)
Table '#1286' 6-max Seat #3 is the button
Seat 1: Desire_Fennel ($105.21 in chips)
Seat 2: Hero ($70.41 in chips)
Seat 3: Ela_Jujube ($12.80 in chips)
Seat 4: Minnie_Broccoli ($15.93 in chips)
Seat 5: Salina_Prunes ($23.40 in chips)
Seat 6: Caroll_Lemon ($71.71 in chips)
Minnie_Broccoli: posts small blind $0.10
Salina_Prunes: posts big blind $0.25
*** HOLE CARDS ***
Dealt to Hero [5c 9d]
Caroll_Lemon: folds
Caroll_Lemon: Leave(Auto)
Ela_Jujube: Leave(Auto)
Hero: Leave(Auto)
Desire_Fennel: folds
Desire_Fennel: Leave(Auto)
Hero: folds
Ela_Jujube: folds
Minnie_Broccoli: calls $0.15
Salina_Prunes: raises $0.50 to $0.75
Minnie_Broccoli: calls $0.50
*** FLOP *** [3d Kc 7d]
Minnie_Broccoli: checks
Salina_Prunes: bets $0.50
Minnie_Broccoli: calls $0.50
*** TURN *** [3d Kc 7d] [Jc]
Minnie_Broccoli: checks
Salina_Prunes: bets $1
Minnie_Broccoli: folds
Minnie_Broccoli: Leave(Auto)
Uncalled bet ($1) returned to Salina_Prunes
Salina_Prunes: doesn't show hand
Salina_Prunes collected $2.38 from pot
*** SUMMARY ***
Total pot $2.38



PokerStars Hand #3631845501: Hold'em No Limit ($0.10/$0.25)
Table '#1286' 6-max Seat #2 is the button
Seat 1: Marth_Avocados ($29.76 in chips)
Seat 2: Caleb_Habanero ($24.22 in chips)
Seat 3: Norene_Cayenne ($62.72 in chips)
Seat 4: Thuy_Yams ($32.42 in chips)
Seat 5: Hero ($70.41 in chips)
Seat 6: Idella_Onions ($105.21 in chips)
Norene_Cayenne: posts small blind $0.10
Thuy_Yams: posts big blind $0.25
*** HOLE CARDS ***
Dealt to Hero [Kc 4h]
Caleb_Habanero: Leave(Auto)
Hero: folds
Hero: Leave(Auto)
Idella_Onions: folds
Norene_Cayenne: Leave(Auto)
Marth_Avocados: raises $0.75 to $0.75
Caleb_Habanero: folds
Norene_Cayenne: folds
Thuy_Yams: folds
Thuy_Yams: Leave(Auto)
Uncalled bet ($0.50) returned to Marth_Avocados
Marth_Avocados: doesn't show hand
Marth_Avocados collected $0.60 from pot
*** SUMMARY ***
Total pot $0.6



PokerStars Hand #3631845534: Hold'em No Limit ($0.10/$0.25)
Table '#1286' 6-max Seat #6 is the button
Seat 1: Fae_Pomelo ($25.10 in chips)
Seat 2: Jewell_Chard ($27.86 in chips)
Seat 3: Coral_Lime ($29.40 in chips)
Seat 4: Roxie_Wasabi ($64.96 in chips)
Seat 5: Hero ($70.41 in chips)
Seat 6: Jani_Prunes ($54.07 in chips)
Fae_Pomelo: posts small blind $0.10
Jewell_Chard: posts big blind $0.25
*** HOLE CARDS ***
Dealt to Hero [Jh Qs]
Jani_Prunes: Leave(Auto)
Coral_Lime: folds
Coral_Lime: Leave(Auto)
Roxie_Wasabi: folds
Roxie_Wasabi: Leave(Auto)
Hero: raises $0.66 to $0.66
Jani_Prunes: folds
Fae_Pomelo: calls $0.56
Jewell_Chard: calls $0.41
*** FLOP *** [Ah 7h Kd]
Fae_Pomelo: checks
Jewell_Chard: checks
Hero: bets $0.99
Fae_Pomelo: folds
Jewell_Chard: calls $0.99
*** TURN *** [Ah 7h Kd] [7c]
Jewell_Chard: checks
Hero: checks
*** RIVER *** [Ah 7h Kd 7c] [Ts]
Jewell_Chard: bets $0.25
Hero: raises $6.66 to $6.66
Jewell_Chard: folds
Jewell_Chard: Leave(Auto)
Uncalled bet ($6.41) returned to Hero
Hero: doesn't show hand
Hero collected $4.24 from pot
*** SUMMARY ***
Total pot $4.46 | Rake $0.22
Board [Ah 7h Kd 7c Ts]
Seat 1: Fae_Pomelo (small blind) mucked [Tc Kc]
Seat 2: Jewell_Chard (big blind) mucked [3s Ks]
Seat 3: Coral_Lime mucked [5s 6d]
Seat 4: Roxie_Wasabi mucked [3d 9c]
Seat 5: Hero showed null and won ($4.24)
Seat 6: Jani_Prunes (button) showed [4d Td] and lost



PokerStars Hand #3631846135: Hold'em No Limit ($0.10/$0.25)
Table '#1286' 6-max Seat #5 is the button
Seat 1: Ali_Habanero ($31.58 in chips)
Seat 2: Hero ($72.75 in chips)
Seat 3: Larry_Yams ($12.04 in chips)
Seat 4: Eliana_Papaya ($25 in chips)
Seat 5: Viva_Chard ($23.65 in chips)
Seat 6: Josue_Apricots ($63.11 in chips)
Josue_Apricots: posts small blind $0.10
Ali_Habanero: posts big blind $0.25
*** HOLE CARDS ***
Dealt to Hero [8h 2c]
Larry_Yams: Leave(Auto)
Eliana_Papaya: Leave(Auto)
Viva_Chard: Leave(Auto)
Hero: folds
Larry_Yams: folds
Eliana_Papaya: folds
Viva_Chard: folds
Josue_Apricots: raises $0.65 to $0.75
Ali_Habanero: calls $0.50
*** FLOP *** [2d 6c Qc]
Josue_Apricots: bets $0.50
Ali_Habanero: folds
Ali_Habanero: Leave(Auto)
Uncalled bet ($0.50) returned to Josue_Apricots
Josue_Apricots: doesn't show hand
Josue_Apricots collected $1.43 from pot
*** SUMMARY ***
Total pot $1.43




