PokerStars Hand #3633286761: Hold'em No Limit ($0.10/$0.25)  - 2018/07/22 0:26:15
Table '#1286' 6-max Seat #3 is the button
Seat 1: Cari_Goji ($7.08 in chips)
Seat 2: Kareem_Quince ($28.23 in chips)
Seat 3: Krista_Spinach ($15.28 in chips)
Seat 4: Anna_Lime ($41.07 in chips)
Seat 5: Hero ($25 in chips)
Seat 6: Jerrie_Daikon ($24.81 in chips)
Anna_Lime: posts small blind $0.10
Hero: posts big blind $0.25
*** HOLE CARDS ***
Dealt to Hero [9d Qs]
UTG : Folds
UTG : Leave(Auto)
UTG+1 : Folds
UTG+1 : Leave(Auto)
Kareem_Quince: raises $0.85 to $0.85
Small Blind : Leave(Auto)
Dealer : Folds
Dealer : Leave(Auto)
Small Blind : Folds
Hero: calls $0.60
*** FLOP *** [4d 8c Kc]
Big Blind  [ME] : Checks
Kareem_Quince: bets $1.30
Big Blind  [ME] : Folds
Big Blind  [ME] : Leave(Auto)
Uncalled bet ($1.30) returned to Kareem_Quince
Kareem_Quince: doesn't show hand
Kareem_Quince collected $1.71 from pot
*** SUMMARY ***
Total pot $1.80 | Rake $0.09



PokerStars Hand #3633286966: Hold'em No Limit ($0.10/$0.25)  - 2018/07/22 0:26:39
Table '#1286' 6-max Seat #5 is the button
Seat 1: Scot_Shallot ($33.44 in chips)
Seat 2: Hero ($24.15 in chips)
Seat 3: Danny_Leek ($33.68 in chips)
Seat 4: Becki_Lettuce ($13.07 in chips)
Seat 5: Letha_Dill ($36.41 in chips)
Seat 6: Lewis_Lemon ($61.82 in chips)
Lewis_Lemon: posts small blind $0.10
Scot_Shallot: posts big blind $0.25
*** HOLE CARDS ***
Dealt to Hero [4d 3s]
Dealer : Leave(Auto)
UTG  [ME] : Folds
UTG  [ME] : Leave(Auto)
Danny_Leek: raises $0.60 to $0.60
UTG+2 : Folds
UTG+2 : Leave(Auto)
Dealer : Folds
Lewis_Lemon: calls $0.50
Scot_Shallot: calls $0.35
*** FLOP *** [Kh 8d Jh]
Lewis_Lemon: bets $1.80
Big Blind : Folds
Big Blind : Leave(Auto)
Danny_Leek: calls $1.80
*** TURN *** [Kh 8d Jh] [7s]
Lewis_Lemon: bets $3.20
Danny_Leek: calls $3.20
*** RIVER *** [Kh 8d Jh 7s] [9s]
Lewis_Lemon: checks
Danny_Leek: bets $3.75
Lewis_Lemon: calls $3.75
*** SHOW DOWN ***
Danny_Leek: shows [Ah 2h] (high card Ace)
Lewis_Lemon: shows [Jd Js] (three of a kind, Jacks)
Lewis_Lemon collected $18.34 from pot
*** SUMMARY ***
Total pot $19.30 | Rake $0.96



PokerStars Hand #3633287002: Hold'em No Limit ($0.10/$0.25)  - 2018/07/22 0:26:44
Table '#1286' 6-max Seat #3 is the button
Seat 1: Verona_Onions ($36.41 in chips)
Seat 2: Zoila_Guava ($42.87 in chips)
Seat 3: Ehtel_Orange ($25.13 in chips)
Seat 4: Hero ($24.15 in chips)
Seat 5: Elinor_Dill ($40.87 in chips)
Seat 6: Toshia_Olive ($23.39 in chips)
Hero: posts small blind $0.10
Elinor_Dill: posts big blind $0.25
*** HOLE CARDS ***
Dealt to Hero [7h 5h]
Dealer : Leave(Auto)
UTG+1 : Leave(Auto)
UTG+2 : Leave(Auto)
Toshia_Olive: raises $0.50 to $0.50
UTG+1 : Folds
UTG+2 : Folds
Dealer : Folds
Big Blind : Leave(Auto)
Hero: calls $0.40
Big Blind : Folds
*** FLOP *** [Kh 3d Ad]
Small Blind  [ME] : Checks
Toshia_Olive: bets $0.50
Small Blind  [ME] : Folds
Small Blind  [ME] : Leave(Auto)
Uncalled bet ($0.50) returned to Toshia_Olive
Toshia_Olive: doesn't show hand
Toshia_Olive collected $1.19 from pot
*** SUMMARY ***
Total pot $1.25 | Rake $0.06



PokerStars Hand #3633287189: Hold'em No Limit ($0.10/$0.25)  - 2018/07/22 0:27:06
Table '#1286' 6-max Seat #3 is the button
Seat 1: Albina_Leek ($28.44 in chips)
Seat 2: Fumiko_Tubers ($30.13 in chips)
Seat 3: Arlena_Fennel ($15.77 in chips)
Seat 4: Hero ($23.65 in chips)
Seat 5: Malka_Anise ($24.10 in chips)
Seat 6: Isobel_Chard ($26.35 in chips)
Hero: posts small blind $0.10
Malka_Anise: posts big blind $0.25
*** HOLE CARDS ***
Dealt to Hero [6s 8s]
UTG+1 : Leave(Auto)
UTG : Folds
UTG : Leave(Auto)
UTG+1 : Folds
Fumiko_Tubers: raises $0.75 to $0.75
Arlena_Fennel: calls $0.75
Hero: raises $2.90 to $3
Big Blind : Folds
Big Blind : Leave(Auto)
Fumiko_Tubers: calls $2.25
Dealer : Folds
*** FLOP *** [7h Jc 2h]
Hero: bets $3.33
Fumiko_Tubers: calls $3.33
*** TURN *** [7h Jc 2h] [Kh]
Hero: bets $8.88
UTG+2 : Folds
UTG+2 : Leave(Auto)
Uncalled bet ($8.88) returned to Hero
Hero: doesn't show hand
Hero collected $12.98 from pot
*** SUMMARY ***
Total pot $13.66 | Rake $0.68



PokerStars Hand #3633287896: Hold'em No Limit ($0.10/$0.25)  - 2018/07/22 0:28:33
Table '#1286' 6-max Seat #2 is the button
Seat 1: Tim_Cabbage ($51.84 in chips)
Seat 2: Lavona_Habanero ($23.10 in chips)
Seat 3: Jenna_Pinto ($24.65 in chips)
Seat 4: Lourie_Coconuts ($5.83 in chips)
Seat 5: Hero ($30.30 in chips)
Seat 6: Steven_Turnips ($23.19 in chips)
Jenna_Pinto: posts small blind $0.10
Lourie_Coconuts: posts big blind $0.25
*** HOLE CARDS ***
Dealt to Hero [9h Th]
UTG+1 : Leave(Auto)
Dealer : Leave(Auto)
Small Blind : Leave(Auto)
Hero: raises $0.66 to $0.66
UTG+1 : Folds
Big Blind : Leave(Auto)
Tim_Cabbage: calls $0.66
Dealer : Folds
Small Blind : Folds
Big Blind : Folds
*** FLOP *** [Ah As Ks]
UTG  [ME] : Checks
UTG+2 : Checks
*** TURN *** [Ah As Ks] [5s]
UTG  [ME] : Checks
UTG+2 : Checks
*** RIVER *** [Ah As Ks 5s] [6d]
UTG  [ME] : Checks
UTG+2 : Checks
*** SHOW DOWN ***
Hero: shows null (a pair of Aces)
Tim_Cabbage: shows [2s 2d] (two pair, Aces and Deuces)
Tim_Cabbage collected $1.59 from pot
*** SUMMARY ***
Total pot $1.67 | Rake $0.08



PokerStars Hand #3633288165: Hold'em No Limit ($0.10/$0.25)  - 2018/07/22 0:29:06
Table '#1286' 6-max Seat #4 is the button
Seat 1: Toshia_Juniper ($52.77 in chips)
Seat 2: Hero ($29.64 in chips)
Seat 3: Karlyn_Goji ($28.87 in chips)
Seat 4: Mel_Raisins ($56.10 in chips)
Seat 5: Joshua_Okra ($26.69 in chips)
Seat 6: Missy_Avocados ($25 in chips)
Joshua_Okra: posts small blind $0.10
Missy_Avocados: posts big blind $0.25
*** HOLE CARDS ***
Dealt to Hero [4c Kh]
UTG+2 : Leave(Auto)
UTG : Folds
UTG : Leave(Auto)
Small Blind : Leave(Auto)
UTG+1  [ME] : Folds
UTG+1  [ME] : Leave(Auto)
UTG+2 : Folds
Mel_Raisins: raises $0.75 to $0.75
Small Blind : Folds
Big Blind : Folds
Big Blind : Leave(Auto)
Uncalled bet ($0.50) returned to Mel_Raisins
Mel_Raisins: doesn't show hand
Mel_Raisins collected $0.60 from pot
*** SUMMARY ***
Total pot $0.60
Seat 1: Toshia_Juniper mucked [Qc 5s]
Seat 2: Hero mucked [4c Kh]
Seat 3: Karlyn_Goji showed [6d 2h] and lost
Seat 4: Mel_Raisins (button) showed [Ac 8s] and won ($0.60)
Seat 5: Joshua_Okra (small blind) showed [7h 4d] and lost
Seat 6: Missy_Avocados (big blind) mucked [Td 3h]



PokerStars Hand #3633288207: Hold'em No Limit ($0.10/$0.25)  - 2018/07/22 0:29:11
Table '#1286' 6-max Seat #1 is the button
Seat 1: Tyesha_Bananas ($24.05 in chips)
Seat 2: Trang_Peppers ($133.69 in chips)
Seat 3: Rhett_Goji ($26.59 in chips)
Seat 4: Bryce_Pears ($25.10 in chips)
Seat 5: Tyisha_Cilantro ($24.65 in chips)
Seat 6: Hero ($29.64 in chips)
Trang_Peppers: posts small blind $0.10
Rhett_Goji: posts big blind $0.25
*** HOLE CARDS ***
Dealt to Hero [5h 9d]
UTG : Folds
UTG : Leave(Auto)
UTG+2  [ME] : Leave(Auto)
Tyisha_Cilantro: calls $0.25
UTG+2  [ME] : Folds
Dealer : Folds
Dealer : Leave(Auto)
Trang_Peppers: raises $1.15 to $1.25
Big Blind : Folds
Big Blind : Leave(Auto)
Tyisha_Cilantro: calls $1
*** FLOP *** [2d Ac 4s]
Trang_Peppers: bets $0.75
UTG+1 : Folds
UTG+1 : Leave(Auto)
Uncalled bet ($0.75) returned to Trang_Peppers
Trang_Peppers: doesn't show hand
Trang_Peppers collected $2.62 from pot
*** SUMMARY ***
Total pot $2.75 | Rake $0.13



PokerStars Hand #3633288249: Hold'em No Limit ($0.10/$0.25)  - 2018/07/22 0:29:17
Table '#1286' 6-max Seat #4 is the button
Seat 1: Hero ($29.64 in chips)
Seat 2: Amado_Carrots ($30.47 in chips)
Seat 3: Noella_Ginger ($25 in chips)
Seat 4: Willie_Tamarind ($42.58 in chips)
Seat 5: Aline_Salak ($35.70 in chips)
Seat 6: Paola_Nettles ($15 in chips)
Aline_Salak: posts small blind $0.10
Paola_Nettles: posts big blind $0.25
*** HOLE CARDS ***
Dealt to Hero [Jh 4s]
UTG  [ME] : Folds
UTG  [ME] : Leave(Auto)
Dealer : Leave(Auto)
Amado_Carrots: raises $0.75 to $0.75
Small Blind : Leave(Auto)
Noella_Ginger: raises $2.25 to $2.25
Dealer : Folds
Small Blind : Folds
Big Blind : Folds
Big Blind : Leave(Auto)
Amado_Carrots: calls $1.50
*** FLOP *** [6s 2d 8c]
UTG+1 : Checks
Noella_Ginger: bets $1.75
UTG+1 : Folds
UTG+1 : Leave(Auto)
Uncalled bet ($1.75) returned to Noella_Ginger
Noella_Ginger: doesn't show hand
Noella_Ginger collected $4.61 from pot
*** SUMMARY ***
Total pot $4.85 | Rake $0.24



PokerStars Hand #3633288287: Hold'em No Limit ($0.10/$0.25)  - 2018/07/22 0:29:22
Table '#1286' 6-max Seat #3 is the button
Seat 1: Tisha_Celery ($25.10 in chips)
Seat 2: Asa_Pears ($25 in chips)
Seat 3: Holley_Tubers ($35.70 in chips)
Seat 4: Inga_Tabasco ($24.05 in chips)
Seat 5: Hero ($29.64 in chips)
Seat 6: Tuan_Paprika ($71.31 in chips)
Inga_Tabasco: posts small blind $0.10
Hero: posts big blind $0.25
*** HOLE CARDS ***
Dealt to Hero [2d 3d]
UTG+1 : Leave(Auto)
UTG+2 : Leave(Auto)
UTG : Folds
UTG : Leave(Auto)
UTG+1 : Folds
UTG+2 : Folds
Holley_Tubers: raises $0.75 to $0.75
Inga_Tabasco: raises $2.40 to $2.50
Dealer : Leave(Auto)
Big Blind  [ME] : Folds
Big Blind  [ME] : Leave(Auto)
Dealer : Folds
Uncalled bet ($1.75) returned to Inga_Tabasco
Inga_Tabasco: doesn't show hand
Inga_Tabasco collected $1.75 from pot
*** SUMMARY ***
Total pot $1.75



PokerStars Hand #3633288517: Hold'em No Limit ($0.10/$0.25)  - 2018/07/22 0:29:48
Table '#1286' 6-max Seat #1 is the button
Seat 1: Ty_Nettles ($23.30 in chips)
Seat 2: Dixie_Parsley ($56.49 in chips)
Seat 3: Tandra_Radish ($34.95 in chips)
Seat 4: Delana_Ginger ($16.40 in chips)
Seat 5: Hero ($29.39 in chips)
Seat 6: Jane_Chard ($12.48 in chips)
Dixie_Parsley: posts small blind $0.10
Tandra_Radish: posts big blind $0.25
*** HOLE CARDS ***
Dealt to Hero [6s 6d]
UTG : Folds
UTG : Leave(Auto)
UTG+2 : Leave(Auto)
Small Blind : Leave(Auto)
Hero: raises $0.66 to $0.66
UTG+2 : Folds
Ty_Nettles: calls $0.66
Small Blind : Folds
Big Blind : Folds
Big Blind : Leave(Auto)
*** FLOP *** [Qh 4d Qs]
UTG+1  [ME] : Checks
Ty_Nettles: bets $1.67
Hero: calls $1.67
*** TURN *** [Qh 4d Qs] [Kh]
UTG+1  [ME] : Checks
Ty_Nettles: bets $5.01
Hero: calls $5.01
*** RIVER *** [Qh 4d Qs Kh] [7s]
UTG+1  [ME] : Checks
Dealer : Checks
*** SHOW DOWN ***
Hero: shows null (two pair, Queens and Sixes)
Ty_Nettles: Mucks [6c 9c] (One pair)
Hero collected $14.28 from pot
*** SUMMARY ***
Total pot $15.03 | Rake $0.75



PokerStars Hand #3633288957: Hold'em No Limit ($0.10/$0.25)  - 2018/07/22 0:30:43
Table '#1286' 6-max Seat #1 is the button
Seat 1: Mistie_Soursop ($15.96 in chips)
Seat 2: Hero ($36.33 in chips)
Seat 3: Gaye_Lettuce ($24.90 in chips)
Seat 4: Tory_Fennel ($28.12 in chips)
Seat 5: Madie_Rambutan ($71.98 in chips)
Seat 6: Camila_Cucumber ($31.12 in chips)
Hero: posts small blind $0.10
Gaye_Lettuce: posts big blind $0.25
*** HOLE CARDS ***
Dealt to Hero [Ad Qc]
UTG+2 : Leave(Auto)
UTG : Folds
UTG : Leave(Auto)
Dealer : Leave(Auto)
Madie_Rambutan: raises $0.75 to $0.75
UTG+2 : Folds
Dealer : Folds
Big Blind : Leave(Auto)
Hero: calls $0.65
Big Blind : Folds
*** FLOP *** [Qd Jc 3d]
Small Blind  [ME] : Checks
UTG+1 : Checks
*** TURN *** [Qd Jc 3d] [As]
Small Blind  [ME] : Checks
UTG+1 : Checks
*** RIVER *** [Qd Jc 3d As] [Ts]
Small Blind  [ME] : Checks
UTG+1 : Checks
*** SHOW DOWN ***
Hero: shows Qd Qc J (two pair, Aces and Queens)
Madie_Rambutan: Mucks [9h 9d] (One pair)
Hero collected $1.67 from pot
*** SUMMARY ***
Total pot $1.75 | Rake $0.08
Board [Qd Jc 3d As Ts]
Seat 1: Mistie_Soursop (button) mucked
Seat 2: Hero (small blind) showed [Ad Qc] and won ($1.67) with two pair, Aces and Queens
Seat 3: Gaye_Lettuce (big blind) mucked
Seat 4: Tory_Fennel mucked [7d Ac]
Seat 5: Madie_Rambutan mucked [9h 9d]
Seat 6: Camila_Cucumber mucked



PokerStars Hand #3633289356: Hold'em No Limit ($0.10/$0.25)  - 2018/07/22 0:31:30
Table '#1286' 6-max Seat #2 is the button
Seat 1: Devon_Collard ($25.65 in chips)
Seat 2: Eboni_Onions ($17.51 in chips)
Seat 3: Melisa_Wasabi ($56.49 in chips)
Seat 4: Connie_Figs ($31.39 in chips)
Seat 5: Tommye_Beans ($38.92 in chips)
Seat 6: Hero ($37.25 in chips)
Melisa_Wasabi: posts small blind $0.10
Connie_Figs: posts big blind $0.25
*** HOLE CARDS ***
Dealt to Hero [Td As]
Big Blind : Leave(Auto)
Small Blind : Leave(Auto)
UTG+2 : Leave(Auto)
UTG : Folds
UTG : Leave(Auto)
Hero: raises $0.66 to $0.66
UTG+2 : Folds
Dealer : Folds
Dealer : Leave(Auto)
Small Blind : Folds
Big Blind : Folds
Uncalled bet ($0.41) returned to Hero
Hero: doesn't show hand
Hero collected $0.60 from pot
*** SUMMARY ***
Total pot $0.60
Seat 1: Devon_Collard showed [Kh 2c] and lost
Seat 2: Eboni_Onions (button) mucked [9d Ac]
Seat 3: Melisa_Wasabi (small blind) showed [4h 2s] and lost
Seat 4: Connie_Figs (big blind) showed [8s 5c] and lost
Seat 5: Tommye_Beans mucked [Th Qc]
Seat 6: Hero showed [Td As] and won ($0.60)



PokerStars Hand #3633289536: Hold'em No Limit ($0.10/$0.25)  - 2018/07/22 0:31:51
Table '#1286' 6-max Seat #1 is the button
Seat 1: Mitzie_Turnips ($25 in chips)
Seat 2: Buena_Olive ($4.04 in chips)
Seat 3: Val_Olive ($22.25 in chips)
Seat 4: Suzi_Jicama ($50.62 in chips)
Seat 5: Hester_Rosemary ($19.06 in chips)
Seat 6: Hero ($37.60 in chips)
Buena_Olive: posts small blind $0.10
Val_Olive: posts big blind $0.25
*** HOLE CARDS ***
Dealt to Hero [As 5s]
UTG : Folds
UTG : Leave(Auto)
Dealer : Leave(Auto)
Big Blind : Leave(Auto)
UTG+1 : Folds
UTG+1 : Leave(Auto)
Small Blind : Leave(Auto)
Hero: raises $0.66 to $0.66
Dealer : Folds
Small Blind : Folds
Big Blind : Folds
Uncalled bet ($0.41) returned to Hero
Hero: doesn't show hand
Hero collected $0.60 from pot
*** SUMMARY ***
Total pot $0.60
Seat 1: Mitzie_Turnips (button) showed [6c 3c] and lost
Seat 2: Buena_Olive (small blind) showed [6d 4s] and lost
Seat 3: Val_Olive (big blind) showed [7h Tc] and lost
Seat 4: Suzi_Jicama mucked [2d 3d]
Seat 5: Hester_Rosemary mucked [3h 9h]
Seat 6: Hero showed [As 5s] and won ($0.60)



PokerStars Hand #3633289664: Hold'em No Limit ($0.10/$0.25)  - 2018/07/22 0:32:08
Table '#1286' 6-max Seat #6 is the button
Seat 1: Yoko_Squash ($34.70 in chips)
Seat 2: Mandie_Peach ($10.52 in chips)
Seat 3: Hero ($37.95 in chips)
Seat 4: Hana_Guava ($24.90 in chips)
Seat 5: Deadra_Kale ($77.18 in chips)
Seat 6: Liane_Juniper ($21.90 in chips)
Yoko_Squash: posts small blind $0.10
Mandie_Peach: posts big blind $0.25
*** HOLE CARDS ***
Dealt to Hero [4c 7d]
UTG  [ME] : Folds
UTG  [ME] : Leave(Auto)
UTG+2 : Leave(Auto)
Big Blind : Leave(Auto)
Hana_Guava: raises $0.60 to $0.60
UTG+2 : Folds
Dealer : Folds
Dealer : Leave(Auto)
Yoko_Squash: raises $2.20 to $2.30
Big Blind : Folds
Hana_Guava: raises $6.55 to $7.15
Yoko_Squash: calls $4.85
*** FLOP *** [Ks Qd Kc]
Small Blind : Checks
Hana_Guava: bets $4.52
Yoko_Squash: calls $4.52
*** TURN *** [Ks Qd Kc] [5d]
Small Blind : Checks
Hana_Guava: bets $5.23
Yoko_Squash: calls $5.23
*** RIVER *** [Ks Qd Kc 5d] [Tc]
Small Blind : Checks
Hana_Guava: bets $8 and is all-in
Yoko_Squash: calls $8
*** SHOW DOWN ***
Hana_Guava: shows [Qc Ad] (two pair, Kings and Queens)
Yoko_Squash: Mucks [Js Ts] (Two pair)
Hana_Guava collected $48.05 from pot
*** SUMMARY ***
Total pot $50.05 | Rake $2.00



PokerStars Hand #3633289695: Hold'em No Limit ($0.10/$0.25)  - 2018/07/22 0:32:12
Table '#1286' 6-max Seat #3 is the button
Seat 1: Trinh_Cucumber ($3.94 in chips)
Seat 2: Abby_Goji ($22.55 in chips)
Seat 3: Kena_Fennel ($58.71 in chips)
Seat 4: Mi_Yuzu ($23.75 in chips)
Seat 5: Charla_Leek ($59.83 in chips)
Seat 6: Hero ($37.95 in chips)
Mi_Yuzu: posts small blind $0.10
Charla_Leek: posts big blind $0.25
*** HOLE CARDS ***
Dealt to Hero [4h Th]
Dealer : Leave(Auto)
UTG  [ME] : Folds
UTG  [ME] : Leave(Auto)
Small Blind : Leave(Auto)
UTG+2 : Leave(Auto)
UTG+1 : Folds
UTG+1 : Leave(Auto)
UTG+2 : Folds
Dealer : Folds
Small Blind : Folds
Charla_Leek: doesn't show hand
Uncalled bet ($0.25) returned to Charla_Leek
Charla_Leek collected $0.10 from pot
*** SUMMARY ***
Total pot $0.10



PokerStars Hand #3633289738: Hold'em No Limit ($0.10/$0.25)  - 2018/07/22 0:32:17
Table '#1286' 6-max Seat #5 is the button
Seat 1: Hero ($37.95 in chips)
Seat 2: Major_Cabbage ($11.65 in chips)
Seat 3: Janey_Habanero ($23.65 in chips)
Seat 4: Eneida_Radish ($77.18 in chips)
Seat 5: Ona_Apples ($25 in chips)
Seat 6: Alisha_Plum ($24.75 in chips)
Alisha_Plum: posts small blind $0.10
Hero: posts big blind $0.25
*** HOLE CARDS ***
Dealt to Hero [8c 6s]
Small Blind : Leave(Auto)
UTG : Folds
UTG : Leave(Auto)
Dealer : Leave(Auto)
Janey_Habanero: raises $0.75 to $0.75
Eneida_Radish: raises $1.75 to $1.75
Dealer : Folds
Small Blind : Folds
Big Blind  [ME] : Folds
Big Blind  [ME] : Leave(Auto)
UTG+1 : Folds
UTG+1 : Leave(Auto)
Uncalled bet ($1) returned to Eneida_Radish
Eneida_Radish: doesn't show hand
Eneida_Radish collected $1.85 from pot
*** SUMMARY ***
Total pot $1.85



PokerStars Hand #3633289913: Hold'em No Limit ($0.10/$0.25)  - 2018/07/22 0:32:37
Table '#1286' 6-max Seat #2 is the button
Seat 1: Penni_Onions ($32.06 in chips)
Seat 2: Hero ($37.70 in chips)
Seat 3: Tosha_Lemon ($13.58 in chips)
Seat 4: Shakia_Sprouts ($28.54 in chips)
Seat 5: Luz_Tabasco ($41.28 in chips)
Seat 6: Isreal_Alfalfa ($39.28 in chips)
Tosha_Lemon: posts small blind $0.10
Shakia_Sprouts: posts big blind $0.25
*** HOLE CARDS ***
Dealt to Hero [3h 2d]
UTG : Folds
UTG : Leave(Auto)
Dealer  [ME] : Leave(Auto)
Isreal_Alfalfa: raises $0.50 to $0.50
Penni_Onions: raises $1.50 to $1.50
Dealer  [ME] : Folds
Big Blind : Leave(Auto)
Tosha_Lemon: folds
Big Blind : Folds
Tosha_Lemon: Seat re-join
Small Blind : Leave(Auto)
Isreal_Alfalfa: calls $1
*** FLOP *** [Qd 3s 5s]
UTG+1 : Checks
Penni_Onions: bets $1.92
Isreal_Alfalfa: calls $1.92
*** TURN *** [Qd 3s 5s] [9h]
Isreal_Alfalfa: bets $3.84
Penni_Onions: raises $10.71 to $10.71
Isreal_Alfalfa: raises $32.02 to $35.86 and is all-in
Penni_Onions: calls $17.93 and is all-in
*** RIVER *** [Qd 3s 5s 9h] [7c]
*** SHOW DOWN ***
Penni_Onions: shows Ah 9h 7 (a pair of Queens)
Isreal_Alfalfa: shows 3c Qd 9 (three of a kind, Threes)
Uncalled bet ($7.22) returned to Isreal_Alfalfa
Isreal_Alfalfa collected $62.47 from pot
*** SUMMARY ***
Total pot $64.47 | Rake $2.00
Board [Qd 3s 5s 9h 7c]
Seat 1: Penni_Onions showed Ah 9h 7 and lost with a pair of Queens
Seat 2: Hero (button) mucked
Seat 3: Tosha_Lemon (small blind) mucked [Qs 4c]
Seat 4: Shakia_Sprouts (big blind) mucked
Seat 5: Luz_Tabasco mucked [7s Jd]
Seat 6: Isreal_Alfalfa showed [3c 3d] and won ($62.47) with three of a kind, Threes



PokerStars Hand #3633289958: Hold'em No Limit ($0.10/$0.25)  - 2018/07/22 0:32:43
Table '#1286' 6-max Seat #1 is the button
Seat 1: Shera_Lychee ($12.07 in chips)
Seat 2: Aiko_Thyme ($23.61 in chips)
Seat 3: Art_Collard ($34.45 in chips)
Seat 4: Shella_Peas ($22.90 in chips)
Seat 5: Hero ($37.70 in chips)
Seat 6: Devon_Jalapeño ($27.80 in chips)
Aiko_Thyme: posts small blind $0.10
Art_Collard: posts big blind $0.25
*** HOLE CARDS ***
Dealt to Hero [5d 6d]
Dealer : Leave(Auto)
Shella_Peas: raises $0.75 to $0.75
Big Blind : Leave(Auto)
UTG+2 : Leave(Auto)
Small Blind : Leave(Auto)
Hero: raises $2 to $2
UTG+2 : Folds
Dealer : Folds
Small Blind : Folds
Big Blind : Folds
Shella_Peas: calls $1.25
*** FLOP *** [5c Ks 8s]
UTG : Checks
Hero: bets $2
Shella_Peas: calls $2
*** TURN *** [5c Ks 8s] [8d]
UTG : Checks
UTG+1  [ME] : Checks
*** RIVER *** [5c Ks 8s 8d] [Ad]
UTG : Checks
Hero: bets $7.77
UTG : Folds
UTG : Leave(Auto)
Uncalled bet ($7.77) returned to Hero
Hero: doesn't show hand
Hero collected $7.94 from pot
*** SUMMARY ***
Total pot $8.35 | Rake $0.41



PokerStars Hand #3633290430: Hold'em No Limit ($0.10/$0.25)  - 2018/07/22 0:33:42
Table '#1286' 6-max Seat #2 is the button
Seat 1: Hero ($41.64 in chips)
Seat 2: Norman_Caraway ($59.33 in chips)
Seat 3: Shyla_Quince ($23.70 in chips)
Seat 4: Nyla_Paprika ($14.24 in chips)
Seat 5: Vania_Cilantro ($38.95 in chips)
Seat 6: Pok_Ugli ($11.75 in chips)
Shyla_Quince: posts small blind $0.10
Nyla_Paprika: posts big blind $0.25
*** HOLE CARDS ***
Dealt to Hero [Kc 9h]
UTG+1 : Leave(Auto)
Dealer : Leave(Auto)
UTG+2  [ME] : Leave(Auto)
UTG : Folds
UTG : Leave(Auto)
UTG+1 : Folds
UTG+2  [ME] : Folds
Dealer : Folds
Shyla_Quince: raises $0.65 to $0.75
Big Blind : Folds
Big Blind : Leave(Auto)
Uncalled bet ($0.50) returned to Shyla_Quince
Shyla_Quince: doesn't show hand
Shyla_Quince collected $0.50 from pot
*** SUMMARY ***
Total pot $0.50
Seat 1: Hero showed [Kc 9h] and lost
Seat 2: Norman_Caraway (button) showed [7s 3h] and lost
Seat 3: Shyla_Quince (small blind) showed [Qh Ad] and won ($0.50)
Seat 4: Nyla_Paprika (big blind) mucked [Qs 4h]
Seat 5: Vania_Cilantro mucked [5h Jd]
Seat 6: Pok_Ugli showed [8h Td] and lost



PokerStars Hand #3633290471: Hold'em No Limit ($0.10/$0.25)  - 2018/07/22 0:33:47
Table '#1286' 6-max Seat #2 is the button
Seat 1: Ilana_Skirret ($10.06 in chips)
Seat 2: Delmy_Tabasco ($59.33 in chips)
Seat 3: Hero ($41.64 in chips)
Seat 4: Audrea_Plumcot ($23.79 in chips)
Seat 5: Olene_Lentils ($9.38 in chips)
Seat 6: Ciera_Rosemary ($27.54 in chips)
Hero: posts small blind $0.10
Audrea_Plumcot: posts big blind $0.25
*** HOLE CARDS ***
Dealt to Hero [6s 5d]
Dealer : Leave(Auto)
UTG+2 : Leave(Auto)
UTG : Folds
UTG : Leave(Auto)
UTG+1 : Folds
UTG+1 : Leave(Auto)
UTG+2 : Folds
Dealer : Folds
Hero: calls $0.15
Big Blind : Checks
*** FLOP *** [Js 3d 8s]
Small Blind  [ME] : Checks
Big Blind : Checks
*** TURN *** [Js 3d 8s] [Tc]
Small Blind  [ME] : Checks
Big Blind : Checks
*** RIVER *** [Js 3d 8s Tc] [4d]
Small Blind  [ME] : Checks
Big Blind : Checks
*** SHOW DOWN ***
Hero: shows 8s 6s 5 (high card Jack)
Audrea_Plumcot: shows Js Tc 8 (a pair of Deuces)
Audrea_Plumcot collected $0.48 from pot
*** SUMMARY ***
Total pot $0.50 | Rake $0.02
Board [Js 3d 8s Tc 4d]
Seat 1: Ilana_Skirret mucked
Seat 2: Delmy_Tabasco (button) mucked
Seat 3: Hero (small blind) showed 8s 6s 5 and lost with high card Jack
Seat 4: Audrea_Plumcot (big blind) showed [2h 2s] and won ($0.48) with a pair of Deuces
Seat 5: Olene_Lentils mucked [3h 7h]
Seat 6: Ciera_Rosemary mucked [Ks 5c]



PokerStars Hand #3633290738: Hold'em No Limit ($0.10/$0.25)  - 2018/07/22 0:34:18
Table '#1286' 6-max Seat #3 is the button
Seat 1: Hong_Alfalfa ($63.73 in chips)
Seat 2: Kizzie_Peach ($26.58 in chips)
Seat 3: Ervin_Rutabaga ($52.94 in chips)
Seat 4: Carlos_Anise ($45.52 in chips)
Seat 5: Hero ($41.39 in chips)
Seat 6: Hoa_Mulberry ($24.02 in chips)
Carlos_Anise: posts small blind $0.10
Hero: posts big blind $0.25
*** HOLE CARDS ***
Dealt to Hero [Qs 5s]
Small Blind : Leave(Auto)
Dealer : Leave(Auto)
UTG+1 : Leave(Auto)
UTG : Folds
UTG : Leave(Auto)
UTG+1 : Folds
Kizzie_Peach: raises $0.85 to $0.85
Dealer : Folds
Small Blind : Folds
Hero: calls $0.60
*** FLOP *** [4c 6h Qc]
Big Blind  [ME] : Checks
Kizzie_Peach: bets $0.90
Hero: calls $0.90
*** TURN *** [4c 6h Qc] [Kc]
Big Blind  [ME] : Checks
UTG+2 : Checks
*** RIVER *** [4c 6h Qc Kc] [Qh]
Hero: bets $2.66
UTG+2 : Folds
UTG+2 : Leave(Auto)
Uncalled bet ($2.66) returned to Hero
Hero: doesn't show hand
Hero collected $3.42 from pot
*** SUMMARY ***
Total pot $3.60 | Rake $0.18



PokerStars Hand #3633291145: Hold'em No Limit ($0.10/$0.25)  - 2018/07/22 0:35:09
Table '#1286' 6-max Seat #5 is the button
Seat 1: Toney_Lime ($35.90 in chips)
Seat 2: Bettye_Shallot ($41.50 in chips)
Seat 3: Rocky_Kale ($29.94 in chips)
Seat 4: Flavia_Tubers ($16.83 in chips)
Seat 5: Jerold_Parsley ($71.26 in chips)
Seat 6: Hero ($43.06 in chips)
Hero: posts small blind $0.10
Toney_Lime: posts big blind $0.25
*** HOLE CARDS ***
Dealt to Hero [6c 2d]
Small Blind  [ME] : Leave(Auto)
UTG+2 : Leave(Auto)
UTG+1 : Leave(Auto)
Bettye_Shallot: raises $0.85 to $0.85
UTG+1 : Folds
UTG+2 : Folds
Big Blind : Leave(Auto)
Dealer : Folds
Dealer : Leave(Auto)
Small Blind  [ME] : Folds
Big Blind : Folds
Uncalled bet ($0.60) returned to Bettye_Shallot
Bettye_Shallot: doesn't show hand
Bettye_Shallot collected $0.60 from pot
*** SUMMARY ***
Total pot $0.60
Seat 1: Toney_Lime (big blind) showed [Ac 7s] and lost
Seat 2: Bettye_Shallot showed [Ks Kd] and won ($0.60)
Seat 3: Rocky_Kale showed [3s 8h] and lost
Seat 4: Flavia_Tubers showed [6s Ah] and lost
Seat 5: Jerold_Parsley (button) mucked [8c Th]
Seat 6: Hero (small blind) showed [6c 2d] and lost



PokerStars Hand #3633291196: Hold'em No Limit ($0.10/$0.25)  - 2018/07/22 0:35:15
Table '#1286' 6-max Seat #3 is the button
Seat 1: Collin_Fennel ($27 in chips)
Seat 2: Sybil_Apricots ($13.89 in chips)
Seat 3: Hero ($42.96 in chips)
Seat 4: Brent_Olive ($27.26 in chips)
Seat 5: Gaye_Tubers ($28.91 in chips)
Seat 6: Shalon_Fennel ($16.83 in chips)
Brent_Olive: posts small blind $0.10
Gaye_Tubers: posts big blind $0.25
*** HOLE CARDS ***
Dealt to Hero [7c Qc]
Small Blind : Leave(Auto)
UTG+2 : Leave(Auto)
UTG : Folds
UTG : Leave(Auto)
Collin_Fennel: calls $0.25
UTG+2 : Folds
Dealer  [ME] : Folds
Dealer  [ME] : Leave(Auto)
Small Blind : Folds
Big Blind : Checks
*** FLOP *** [5s 4c Jd]
Gaye_Tubers: bets $0.25
Collin_Fennel: raises $0.75 to $0.75
Big Blind : Folds
Big Blind : Leave(Auto)
Uncalled bet ($0.50) returned to Collin_Fennel
Collin_Fennel: doesn't show hand
Collin_Fennel collected $1.05 from pot
*** SUMMARY ***
Total pot $1.10 | Rake $0.05



PokerStars Hand #3633291302: Hold'em No Limit ($0.10/$0.25)  - 2018/07/22 0:35:28
Table '#1286' 6-max Seat #6 is the button
Seat 1: Harold_Cherry ($16.83 in chips)
Seat 2: Ruthe_Coconuts ($29.55 in chips)
Seat 3: Albina_Bok Choy ($18.68 in chips)
Seat 4: Clora_Tat Soi ($35.65 in chips)
Seat 5: Hero ($42.96 in chips)
Seat 6: Mariam_Yuzu ($23.67 in chips)
Harold_Cherry: posts small blind $0.10
Ruthe_Coconuts: posts big blind $0.25
*** HOLE CARDS ***
Dealt to Hero [4d 2d]
UTG+1 : Leave(Auto)
UTG+2  [ME] : Leave(Auto)
Albina_Bok Choy: raises $0.75 to $0.75
UTG+1 : Folds
UTG+2  [ME] : Folds
Dealer : Folds
Dealer : Leave(Auto)
Small Blind : Folds
Small Blind : Leave(Auto)
Big Blind : Folds
Big Blind : Leave(Auto)
Uncalled bet ($0.50) returned to Albina_Bok Choy
Albina_Bok Choy: doesn't show hand
Albina_Bok Choy collected $0.60 from pot
*** SUMMARY ***
Total pot $0.60
Seat 1: Harold_Cherry (small blind) mucked [Qd Th]
Seat 2: Ruthe_Coconuts (big blind) mucked [5h 7d]
Seat 3: Albina_Bok Choy showed [Ah Ac] and won ($0.60)
Seat 4: Clora_Tat Soi showed [9d 2h] and lost
Seat 5: Hero showed [4d 2d] and lost
Seat 6: Mariam_Yuzu (button) mucked [4h 6d]



PokerStars Hand #3633291335: Hold'em No Limit ($0.10/$0.25)  - 2018/07/22 0:35:32
Table '#1286' 6-max Seat #6 is the button
Seat 1: Debi_Leek ($48.69 in chips)
Seat 2: Shawna_Kohlrabi ($14.63 in chips)
Seat 3: Lesli_Salak ($25.40 in chips)
Seat 4: Max_Chili ($35.65 in chips)
Seat 5: Hero ($42.96 in chips)
Seat 6: Sueann_Thyme ($43.53 in chips)
Debi_Leek: posts small blind $0.10
Shawna_Kohlrabi: posts big blind $0.25
*** HOLE CARDS ***
Dealt to Hero [7d Qs]
UTG+1 : Leave(Auto)
UTG : Folds
UTG : Leave(Auto)
UTG+1 : Folds
Dealer : Leave(Auto)
UTG+2  [ME] : Folds
UTG+2  [ME] : Leave(Auto)
Dealer : Folds
Debi_Leek: raises $0.65 to $0.75
Big Blind : Folds
Big Blind : Leave(Auto)
Uncalled bet ($0.50) returned to Debi_Leek
Debi_Leek: doesn't show hand
Debi_Leek collected $0.50 from pot
*** SUMMARY ***
Total pot $0.50



PokerStars Hand #3633291400: Hold'em No Limit ($0.10/$0.25)  - 2018/07/22 0:35:40
Table '#1286' 6-max Seat #3 is the button
Seat 1: Terese_Papaya ($59.89 in chips)
Seat 2: Rebeca_Chard ($20.36 in chips)
Seat 3: Hero ($42.96 in chips)
Seat 4: Erma_Lettuce ($25.10 in chips)
Seat 5: Haydee_Arugula ($28.30 in chips)
Seat 6: Adina_Shallot ($43.76 in chips)
Erma_Lettuce: posts small blind $0.10
Haydee_Arugula: posts big blind $0.25
*** HOLE CARDS ***
Dealt to Hero [Ac As]
UTG : Folds
UTG : Leave(Auto)
UTG+2 : Leave(Auto)
Small Blind : Leave(Auto)
UTG+1 : Folds
UTG+1 : Leave(Auto)
UTG+2 : Folds
Hero: raises $0.66 to $0.66
Small Blind : Folds
Big Blind : Folds
Big Blind : Leave(Auto)
Uncalled bet ($0.41) returned to Hero
Hero: doesn't show hand
Hero collected $0.60 from pot
*** SUMMARY ***
Total pot $0.60



PokerStars Hand #3633291640: Hold'em No Limit ($0.10/$0.25)  - 2018/07/22 0:36:09
Table '#1286' 6-max Seat #4 is the button
Seat 1: Brett_Fennel ($10.75 in chips)
Seat 2: Andrew_Kohlrabi ($18.78 in chips)
Seat 3: Shenna_Chard ($26.14 in chips)
Seat 4: Leisha_Celery ($25.11 in chips)
Seat 5: Hero ($43.31 in chips)
Seat 6: Manual_Avocados ($30.24 in chips)
Hero: posts small blind $0.10
Manual_Avocados: posts big blind $0.25
*** HOLE CARDS ***
Dealt to Hero [3d 6c]
Small Blind  [ME] : Leave(Auto)
UTG : Folds
UTG : Leave(Auto)
Dealer : Leave(Auto)
Andrew_Kohlrabi: folds
Shenna_Chard: raises $0.60 to $0.60
Dealer : Folds
Small Blind  [ME] : Folds
Andrew_Kohlrabi: Seat re-join
UTG+1 : Leave(Auto)
Manual_Avocados: calls $0.35
*** FLOP *** [Ah As 8c]
Big Blind : Checks
Shenna_Chard: bets $0.50
Big Blind : Folds
Big Blind : Leave(Auto)
Uncalled bet ($0.50) returned to Shenna_Chard
Shenna_Chard: doesn't show hand
Shenna_Chard collected $1.24 from pot
*** SUMMARY ***
Total pot $1.30 | Rake $0.06
Board [Ah As 8c]
Seat 1: Brett_Fennel mucked [8d 2s]
Seat 2: Andrew_Kohlrabi mucked [9s 6s]
Seat 3: Shenna_Chard showed [Jh Ac] and won ($1.24)
Seat 4: Leisha_Celery (button) showed [2h Kd] and lost
Seat 5: Hero (small blind) showed [3d 6c] and lost
Seat 6: Manual_Avocados (big blind) mucked [4s 6d]



PokerStars Hand #3633291677: Hold'em No Limit ($0.10/$0.25)  - 2018/07/22 0:36:14
Table '#1286' 6-max Seat #5 is the button
Seat 1: Hero ($43.21 in chips)
Seat 2: Clare_Apples ($10.75 in chips)
Seat 3: Patria_Alfalfa ($43.51 in chips)
Seat 4: Stevie_Grapes ($42.10 in chips)
Seat 5: Dorian_Parsley ($25.11 in chips)
Seat 6: Piedad_Parnsip ($29.29 in chips)
Piedad_Parnsip: posts small blind $0.10
Hero: posts big blind $0.25
*** HOLE CARDS ***
Dealt to Hero [6d Qs]
UTG+1 : Leave(Auto)
Small Blind : Leave(Auto)
Dealer : Leave(Auto)
UTG : Folds
UTG : Leave(Auto)
UTG+1 : Folds
Stevie_Grapes: calls $0.25
Dealer : Folds
Small Blind : Folds
Big Blind  [ME] : Checks
*** FLOP *** [Qc 5d 9d]
Hero: bets $0.30
UTG+2 : Folds
UTG+2 : Leave(Auto)
Uncalled bet ($0.30) returned to Hero
Hero: doesn't show hand
Hero collected $0.57 from pot
*** SUMMARY ***
Total pot $0.60 | Rake $0.03
Board [Qc 5d 9d]
Seat 1: Hero (big blind) showed [6d Qs] and won ($0.57)
Seat 2: Clare_Apples mucked [2c 5c]
Seat 3: Patria_Alfalfa showed [7s 4c] and lost
Seat 4: Stevie_Grapes mucked [4h 8h]
Seat 5: Dorian_Parsley (button) showed [6c 5s] and lost
Seat 6: Piedad_Parnsip (small blind) showed [2h Ts] and lost



PokerStars Hand #3633291954: Hold'em No Limit ($0.10/$0.25)  - 2018/07/22 0:36:46
Table '#1286' 6-max Seat #6 is the button
Seat 1: Hero ($43.53 in chips)
Seat 2: Terina_Lychee ($23 in chips)
Seat 3: Edda_Okra ($27.63 in chips)
Seat 4: Keira_Kohlrabi ($61.24 in chips)
Seat 5: Vera_Papaya ($15.08 in chips)
Seat 6: Jannie_Parsley ($74.88 in chips)
Hero: posts small blind $0.10
Terina_Lychee: posts big blind $0.25
*** HOLE CARDS ***
Dealt to Hero [Ts 9d]
Dealer : Leave(Auto)
Big Blind : Leave(Auto)
UTG : Folds
UTG : Leave(Auto)
UTG+2 : Leave(Auto)
Keira_Kohlrabi: raises $0.75 to $0.75
UTG+2 : Folds
Dealer : Folds
Small Blind  [ME] : Folds
Small Blind  [ME] : Leave(Auto)
Big Blind : Folds
Uncalled bet ($0.50) returned to Keira_Kohlrabi
Keira_Kohlrabi: doesn't show hand
Keira_Kohlrabi collected $0.60 from pot
*** SUMMARY ***
Total pot $0.60



PokerStars Hand #3633292039: Hold'em No Limit ($0.10/$0.25)  - 2018/07/22 0:36:56
Table '#1286' 6-max Seat #5 is the button
Seat 1: Yon_Thyme ($12.25 in chips)
Seat 2: Jeanne_Shallot ($40.35 in chips)
Seat 3: Hero ($43.43 in chips)
Seat 4: Maple_Tat Soi ($27.63 in chips)
Seat 5: Randa_Anise ($24.33 in chips)
Seat 6: Eli_Collard ($26.84 in chips)
Eli_Collard: posts small blind $0.10
Yon_Thyme: posts big blind $0.25
*** HOLE CARDS ***
Dealt to Hero [Ah Jh]
Small Blind : Leave(Auto)
UTG+2 : Leave(Auto)
Dealer : Leave(Auto)
UTG : Folds
UTG : Leave(Auto)
Hero: raises $0.66 to $0.66
UTG+2 : Folds
Dealer : Folds
Small Blind : Folds
Big Blind : Folds
Big Blind : Leave(Auto)
Uncalled bet ($0.41) returned to Hero
Hero: doesn't show hand
Hero collected $0.60 from pot
*** SUMMARY ***
Total pot $0.60



PokerStars Hand #3633292201: Hold'em No Limit ($0.10/$0.25)  - 2018/07/22 0:37:17
Table '#1286' 6-max Seat #5 is the button
Seat 1: Holly_Marjoram ($12.94 in chips)
Seat 2: Cherry_Nettles ($15.15 in chips)
Seat 3: Jami_Turnips ($44.01 in chips)
Seat 4: Raven_Soy ($39.18 in chips)
Seat 5: Hero ($43.78 in chips)
Seat 6: Owen_Beets ($14.06 in chips)
Owen_Beets: posts small blind $0.10
Holly_Marjoram: posts big blind $0.25
*** HOLE CARDS ***
Dealt to Hero [Ac 5s]
UTG+2 : Leave(Auto)
UTG : Folds
UTG : Leave(Auto)
Jami_Turnips: raises $0.75 to $0.75
UTG+2 : Folds
Dealer  [ME] : Folds
Dealer  [ME] : Leave(Auto)
Owen_Beets: calls $0.65
Big Blind : Folds
Big Blind : Leave(Auto)
*** FLOP *** [As 6s Tc]
Small Blind : Checks
Jami_Turnips: bets $0.75
Owen_Beets: calls $0.75
*** TURN *** [As 6s Tc] [6h]
Small Blind : Checks
UTG+1 : Checks
*** RIVER *** [As 6s Tc 6h] [9h]
Owen_Beets: bets $1.50
Jami_Turnips: calls $1.50
*** SHOW DOWN ***
Owen_Beets: shows [Th Jd] (two pair, Tens and Sixes)
Jami_Turnips: shows [Jc Jh] (two pair, Jacks and Sixes)
Jami_Turnips collected $5.94 from pot
*** SUMMARY ***
Total pot $6.25 | Rake $0.31



PokerStars Hand #3633292316: Hold'em No Limit ($0.10/$0.25)  - 2018/07/22 0:37:30
Table '#1286' 6-max Seat #3 is the button
Seat 1: Lala_Raisins ($19.72 in chips)
Seat 2: Hyun_Cucumber ($25.83 in chips)
Seat 3: Hero ($43.78 in chips)
Seat 4: Zula_Leek ($71.59 in chips)
Seat 5: Susy_Fennel ($30.62 in chips)
Seat 6: Dwana_Jujube ($25 in chips)
Zula_Leek: posts small blind $0.10
Susy_Fennel: posts big blind $0.25
*** HOLE CARDS ***
Dealt to Hero [Qc 6s]
UTG : Folds
UTG : Leave(Auto)
UTG+2 : Leave(Auto)
Dealer  [ME] : Leave(Auto)
UTG+1 : Folds
UTG+1 : Leave(Auto)
UTG+2 : Folds
Dealer  [ME] : Folds
Zula_Leek: raises $0.65 to $0.75
Big Blind : Folds
Big Blind : Leave(Auto)
Uncalled bet ($0.50) returned to Zula_Leek
Zula_Leek: doesn't show hand
Zula_Leek collected $0.50 from pot
*** SUMMARY ***
Total pot $0.50



PokerStars Hand #3633292371: Hold'em No Limit ($0.10/$0.25)  - 2018/07/22 0:37:36
Table '#1286' 6-max Seat #4 is the button
Seat 1: Genie_Shallot ($18.16 in chips)
Seat 2: Deidra_Juniper ($25.99 in chips)
Seat 3: Sena_Rhubarb ($32.82 in chips)
Seat 4: Hero ($43.78 in chips)
Seat 5: Alia_Guava ($19.72 in chips)
Seat 6: Kiesha_Onions ($76.82 in chips)
Alia_Guava: posts small blind $0.10
Kiesha_Onions: posts big blind $0.25
*** HOLE CARDS ***
Dealt to Hero [Jc 7d]
UTG+2 : Leave(Auto)
UTG : Folds
UTG : Leave(Auto)
Dealer  [ME] : Leave(Auto)
Deidra_Juniper: raises $0.75 to $0.75
UTG+2 : Folds
Dealer  [ME] : Folds
Small Blind : Folds
Small Blind : Leave(Auto)
Kiesha_Onions: calls $0.50
*** FLOP *** [Kd Jd Ac]
Big Blind : Checks
Big Blind : Leave(Auto)
Deidra_Juniper: bets $0.75
Big Blind : Folds
Uncalled bet ($0.75) returned to Deidra_Juniper
Deidra_Juniper: doesn't show hand
Deidra_Juniper collected $1.52 from pot
*** SUMMARY ***
Total pot $1.60 | Rake $0.08



PokerStars Hand #3633292430: Hold'em No Limit ($0.10/$0.25)  - 2018/07/22 0:37:42
Table '#1286' 6-max Seat #5 is the button
Seat 1: Hero ($43.78 in chips)
Seat 2: Alleen_Plum ($18.53 in chips)
Seat 3: Cristy_Soursop ($24.80 in chips)
Seat 4: Sam_Onions ($10.15 in chips)
Seat 5: Hayley_Orange ($12.36 in chips)
Seat 6: Celine_Chili ($26.84 in chips)
Celine_Chili: posts small blind $0.10
Hero: posts big blind $0.25
*** HOLE CARDS ***
Dealt to Hero [Td 3h]
UTG+1 : Leave(Auto)
Small Blind : Leave(Auto)
UTG+2 : Leave(Auto)
UTG : Folds
UTG : Leave(Auto)
UTG+1 : Folds
UTG+2 : Folds
Dealer : Folds
Dealer : Leave(Auto)
Small Blind : Folds
Hero: doesn't show hand
Uncalled bet ($0.25) returned to Hero
Hero collected $0.10 from pot
*** SUMMARY ***
Total pot $0.10



PokerStars Hand #3633292554: Hold'em No Limit ($0.10/$0.25)  - 2018/07/22 0:37:58
Table '#1286' 6-max Seat #3 is the button
Seat 1: Sydney_Jalapeño ($12.36 in chips)
Seat 2: Latina_Peppers ($24.71 in chips)
Seat 3: Hero ($43.88 in chips)
Seat 4: Alesha_Rosemary ($23.80 in chips)
Seat 5: Berta_Avocados ($25.74 in chips)
Seat 6: Trula_Celery ($39.74 in chips)
Alesha_Rosemary: posts small blind $0.10
Berta_Avocados: posts big blind $0.25
*** HOLE CARDS ***
Dealt to Hero [2s 5d]
UTG : Folds
UTG : Leave(Auto)
Dealer  [ME] : Leave(Auto)
Small Blind : Leave(Auto)
UTG+1 : Folds
UTG+1 : Leave(Auto)
Latina_Peppers: raises $0.60 to $0.60
Dealer  [ME] : Folds
Small Blind : Folds
Big Blind : Folds
Big Blind : Leave(Auto)
Uncalled bet ($0.35) returned to Latina_Peppers
Latina_Peppers: doesn't show hand
Latina_Peppers collected $0.60 from pot
*** SUMMARY ***
Total pot $0.60



PokerStars Hand #3633292603: Hold'em No Limit ($0.10/$0.25)  - 2018/07/22 0:38:03
Table '#1286' 6-max Seat #4 is the button
Seat 1: Melba_Lemon ($26.08 in chips)
Seat 2: Sanda_Kohlrabi ($39.74 in chips)
Seat 3: Hero ($43.88 in chips)
Seat 4: Vera_Chard ($23.70 in chips)
Seat 5: Billi_Cilantro ($11.12 in chips)
Seat 6: Marvis_Olive ($26.08 in chips)
Billi_Cilantro: posts small blind $0.10
Marvis_Olive: posts big blind $0.25
*** HOLE CARDS ***
Dealt to Hero [Ah 5h]
Small Blind : Leave(Auto)
UTG : Folds
UTG : Leave(Auto)
Big Blind : Leave(Auto)
UTG+1 : Folds
UTG+1 : Leave(Auto)
Hero: raises $0.66 to $0.66
Vera_Chard: calls $0.66
Small Blind : Folds
Big Blind : Folds
*** FLOP *** [9h 7s 9s]
UTG+2  [ME] : Checks
Vera_Chard: bets $1.08
Hero: calls $1.08
*** TURN *** [9h 7s 9s] [2c]
UTG+2  [ME] : Checks
Vera_Chard: bets $2.16
Hero: calls $2.16
*** RIVER *** [9h 7s 9s 2c] [Kh]
UTG+2  [ME] : Checks
Vera_Chard: bets $4.07
UTG+2  [ME] : Folds
UTG+2  [ME] : Leave(Auto)
Uncalled bet ($4.07) returned to Vera_Chard
Vera_Chard: doesn't show hand
Vera_Chard collected $7.75 from pot
*** SUMMARY ***
Total pot $8.15 | Rake $0.40



PokerStars Hand #3633293116: Hold'em No Limit ($0.10/$0.25)  - 2018/07/22 0:39:05
Table '#1286' 6-max Seat #1 is the button
Seat 1: Apryl_Parsley ($39.75 in chips)
Seat 2: Hero ($39.98 in chips)
Seat 3: Genna_Oregano ($63.42 in chips)
Seat 4: Tawnya_Bilberry ($73.87 in chips)
Seat 5: Masako_Olive ($37.25 in chips)
Seat 6: Irene_Jalapeño ($8.70 in chips)
Hero: posts small blind $0.10
Genna_Oregano: posts big blind $0.25
*** HOLE CARDS ***
Dealt to Hero [As Ah]
Tawnya_Bilberry: raises $0.75 to $0.75
UTG+1 : Folds
UTG+1 : Leave(Auto)
Dealer : Leave(Auto)
Irene_Jalapeño: raises $1.75 to $1.75
Dealer : Folds
Big Blind : Leave(Auto)
Hero: calls $1.65
Big Blind : Folds
Tawnya_Bilberry: calls $1
*** FLOP *** [Jh 4h Ts]
Small Blind  [ME] : Checks
UTG : Checks
Irene_Jalapeño: bets $2.75
Hero: calls $2.75
Tawnya_Bilberry: calls $2.75
*** TURN *** [Jh 4h Ts] [Td]
UTG+2 : Leave(Auto)
Small Blind  [ME] : Checks
UTG : Checks
UTG+2 : Checks
*** RIVER *** [Jh 4h Ts Td] [6s]
Hero: bets $9
UTG : Folds
UTG+2 : Folds
Uncalled bet ($9) returned to Hero
Hero: doesn't show hand
Hero collected $13.07 from pot
*** SUMMARY ***
Total pot $13.75 | Rake $0.68



PokerStars Hand #3633293762: Hold'em No Limit ($0.10/$0.25)  - 2018/07/22 0:40:24
Table '#1286' 6-max Seat #5 is the button
Seat 1: Donna_Dill ($59.39 in chips)
Seat 2: Kirby_Dill ($17.29 in chips)
Seat 3: David_Cucumber ($25.21 in chips)
Seat 4: Hero ($48.55 in chips)
Seat 5: Olive_Habanero ($69.37 in chips)
Seat 6: Myrl_Skirret ($10.45 in chips)
Myrl_Skirret: posts small blind $0.10
Donna_Dill: posts big blind $0.25
*** HOLE CARDS ***
Dealt to Hero [8h 2c]
UTG+1 : Leave(Auto)
UTG : Folds
UTG : Leave(Auto)
UTG+1 : Folds
Dealer : Leave(Auto)
UTG+2  [ME] : Folds
UTG+2  [ME] : Leave(Auto)
Dealer : Folds
Myrl_Skirret: raises $0.40 to $0.50
Donna_Dill: raises $2.25 to $2.50
Myrl_Skirret: calls $2
*** FLOP *** [Tc Ah Ac]
Myrl_Skirret: bets $7.95 and is all-in
Donna_Dill: calls $7.95
*** TURN *** [Tc Ah Ac] [5d]
*** RIVER *** [Tc Ah Ac 5d] [4h]
*** SHOW DOWN ***
Donna_Dill: shows Ac Qs T (three of a kind, Aces)
Myrl_Skirret: shows 9d 9c T (two pair, Aces and Nines)
Donna_Dill collected $19.86 from pot
*** SUMMARY ***
Total pot $20.90 | Rake $1.04
Board [Tc Ah Ac 5d 4h]
Seat 1: Donna_Dill (big blind) showed [Qs As] and won ($19.86) with three of a kind, Aces
Seat 2: Kirby_Dill mucked [3d 7d]
Seat 3: David_Cucumber mucked
Seat 4: Hero mucked [8h 2c]
Seat 5: Olive_Habanero (button) mucked
Seat 6: Myrl_Skirret (small blind) showed 9d 9c T and lost with two pair, Aces and Nines



PokerStars Hand #3633293836: Hold'em No Limit ($0.10/$0.25)  - 2018/07/22 0:40:32
Table '#1286' 6-max Seat #6 is the button
Seat 1: Antone_Tomatoes ($31.89 in chips)
Seat 2: Hero ($48.55 in chips)
Seat 3: Mellie_Daikon ($17.19 in chips)
Seat 4: Phoebe_Satsuma ($16.76 in chips)
Seat 5: Man_Parsley ($35.19 in chips)
Seat 6: Sharee_Papaya ($20.10 in chips)
Antone_Tomatoes: posts small blind $0.10
Hero: posts big blind $0.25
*** HOLE CARDS ***
Dealt to Hero [As 8d]
UTG+1 : Leave(Auto)
Mellie_Daikon: calls $0.25
UTG+1 : Folds
Dealer : Leave(Auto)
Man_Parsley: folds
Dealer : Folds
UTG+2 : Leave(Auto)
Antone_Tomatoes: calls $0.15
Big Blind  [ME] : Checks
*** FLOP *** [Qs Ad 2c]
Antone_Tomatoes: bets $0.50
Hero: calls $0.50
Mellie_Daikon: calls $0.50
*** TURN *** [Qs Ad 2c] [Td]
Antone_Tomatoes: bets $1
Hero: calls $1
UTG : Folds
UTG : Leave(Auto)
*** RIVER *** [Qs Ad 2c Td] [Jd]
Small Blind : Checks
Big Blind  [ME] : Checks
*** SHOW DOWN ***
Antone_Tomatoes: shows [4c Qc] (a pair of Queens)
Hero: shows null (a pair of Aces)
Hero collected $4.04 from pot
*** SUMMARY ***
Total pot $4.25 | Rake $0.21



PokerStars Hand #3633294175: Hold'em No Limit ($0.10/$0.25)  - 2018/07/22 0:41:12
Table '#1286' 6-max Seat #3 is the button
Seat 1: Daryl_Pomelo ($30.14 in chips)
Seat 2: Hero ($50.84 in chips)
Seat 3: Enid_Grapes ($28.13 in chips)
Seat 4: Jenine_Nettles ($25.25 in chips)
Seat 5: Oleta_Grapes ($35 in chips)
Seat 6: Dacia_Ginger ($28.23 in chips)
Jenine_Nettles: posts small blind $0.10
Oleta_Grapes: posts big blind $0.25
*** HOLE CARDS ***
Dealt to Hero [7d Th]
UTG : Folds
UTG : Leave(Auto)
UTG+1 : Folds
UTG+1 : Leave(Auto)
UTG+2  [ME] : Folds
UTG+2  [ME] : Leave(Auto)
Enid_Grapes: raises $0.50 to $0.50
Jenine_Nettles: raises $1.65 to $1.75
Big Blind : Folds
Big Blind : Leave(Auto)
Dealer : Folds
Dealer : Leave(Auto)
Uncalled bet ($1.25) returned to Jenine_Nettles
Jenine_Nettles: doesn't show hand
Jenine_Nettles collected $1.25 from pot
*** SUMMARY ***
Total pot $1.25
Seat 1: Daryl_Pomelo mucked [4h 8s]
Seat 2: Hero mucked [7d Th]
Seat 3: Enid_Grapes (button) mucked [Ad 5d]
Seat 4: Jenine_Nettles (small blind) showed [Kc Td] and won ($1.25)
Seat 5: Oleta_Grapes (big blind) mucked [4s Ts]
Seat 6: Dacia_Ginger mucked [6h Ac]



PokerStars Hand #3633294221: Hold'em No Limit ($0.10/$0.25)  - 2018/07/22 0:41:18
Table '#1286' 6-max Seat #2 is the button
Seat 1: Glynda_Ginger ($62.52 in chips)
Seat 2: Hero ($50.84 in chips)
Seat 3: Burl_Chili ($27.93 in chips)
Seat 4: Dale_Lavender ($6.70 in chips)
Seat 5: Yang_Sage ($33.02 in chips)
Seat 6: Jack_Celery ($75.73 in chips)
Burl_Chili: posts small blind $0.10
Dale_Lavender: posts big blind $0.25
*** HOLE CARDS ***
Dealt to Hero [8s Ks]
UTG : Folds
UTG : Leave(Auto)
Jack_Celery: raises $0.75 to $0.75
UTG+2 : Folds
UTG+2 : Leave(Auto)
Dealer  [ME] : Folds
Dealer  [ME] : Leave(Auto)
Burl_Chili: calls $0.65
Big Blind : Folds
Big Blind : Leave(Auto)
*** FLOP *** [6c Qc Qh]
Small Blind : Checks
Jack_Celery: bets $1.75
Small Blind : Folds
Small Blind : Leave(Auto)
Uncalled bet ($1.75) returned to Jack_Celery
Jack_Celery: doesn't show hand
Jack_Celery collected $1.67 from pot
*** SUMMARY ***
Total pot $1.75 | Rake $0.08



PokerStars Hand #3633294359: Hold'em No Limit ($0.10/$0.25)  - 2018/07/22 0:41:35
Table '#1286' 6-max Seat #5 is the button
Seat 1: Iola_Squash ($145.75 in chips)
Seat 2: Lauri_Coconuts ($22.90 in chips)
Seat 3: Hero ($50.84 in chips)
Seat 4: Devin_Celery ($22.04 in chips)
Seat 5: Vickey_Honeydew ($27.98 in chips)
Seat 6: Larue_Juniper ($45.85 in chips)
Larue_Juniper: posts small blind $0.10
Iola_Squash: posts big blind $0.25
*** HOLE CARDS ***
Dealt to Hero [Jd 3h]
Big Blind : Leave(Auto)
UTG+1  [ME] : Leave(Auto)
UTG : Folds
UTG : Leave(Auto)
UTG+1  [ME] : Folds
UTG+2 : Folds
UTG+2 : Leave(Auto)
Vickey_Honeydew: raises $0.75 to $0.75
Small Blind : Folds
Small Blind : Leave(Auto)
Big Blind : Folds
Uncalled bet ($0.50) returned to Vickey_Honeydew
Vickey_Honeydew: doesn't show hand
Vickey_Honeydew collected $0.60 from pot
*** SUMMARY ***
Total pot $0.60
Seat 1: Iola_Squash (big blind) showed [Ts 6d] and lost
Seat 2: Lauri_Coconuts mucked [2d Ah]
Seat 3: Hero showed [Jd 3h] and lost
Seat 4: Devin_Celery mucked [Qc 8s]
Seat 5: Vickey_Honeydew (button) showed [4c 5h] and won ($0.60)
Seat 6: Larue_Juniper (small blind) mucked [7d Kd]



PokerStars Hand #3633294398: Hold'em No Limit ($0.10/$0.25)  - 2018/07/22 0:41:40
Table '#1286' 6-max Seat #3 is the button
Seat 1: Arla_Peppers ($25.23 in chips)
Seat 2: Dorene_Yuzu ($31.77 in chips)
Seat 3: Stella_Avocados ($15.11 in chips)
Seat 4: Tomika_Mulberry ($27.79 in chips)
Seat 5: Hero ($50.84 in chips)
Seat 6: Nguyet_Ginger ($19.79 in chips)
Tomika_Mulberry: posts small blind $0.10
Hero: posts big blind $0.25
*** HOLE CARDS ***
Dealt to Hero [Ah 3d]
Small Blind : Leave(Auto)
Dealer : Leave(Auto)
Nguyet_Ginger: raises $0.75 to $0.75
UTG+1 : Folds
UTG+1 : Leave(Auto)
Dorene_Yuzu: raises $1.91 to $1.91
Dealer : Folds
Small Blind : Folds
Big Blind  [ME] : Folds
Big Blind  [ME] : Leave(Auto)
Nguyet_Ginger: calls $1.16
*** FLOP *** [Kc 5h 9s]
UTG : Checks
UTG+2 : Checks
*** TURN *** [Kc 5h 9s] [Ad]
UTG : Checks
UTG+2 : Checks
*** RIVER *** [Kc 5h 9s Ad] [2h]
Nguyet_Ginger: bets $17.88 and is all-in
UTG+2 : Folds
UTG+2 : Leave(Auto)
Uncalled bet ($17.88) returned to Nguyet_Ginger
Nguyet_Ginger: doesn't show hand
Nguyet_Ginger collected $3.97 from pot
*** SUMMARY ***
Total pot $4.17 | Rake $0.20



PokerStars Hand #3633294502: Hold'em No Limit ($0.10/$0.25)  - 2018/07/22 0:41:54
Table '#1286' 6-max Seat #4 is the button
Seat 1: Chad_Cayenne ($145.40 in chips)
Seat 2: Hero ($50.59 in chips)
Seat 3: Buford_Alfalfa ($14.16 in chips)
Seat 4: Tawana_Pinto ($12 in chips)
Seat 5: Van_Sprouts ($45.53 in chips)
Seat 6: Lon_Cherry ($23.87 in chips)
Van_Sprouts: posts small blind $0.10
Lon_Cherry: posts big blind $0.25
*** HOLE CARDS ***
Dealt to Hero [9s 7d]
Small Blind : Leave(Auto)
Chad_Cayenne: raises $0.75 to $0.75
UTG+1  [ME] : Folds
UTG+1  [ME] : Leave(Auto)
UTG+2 : Folds
UTG+2 : Leave(Auto)
Tawana_Pinto: calls $0.75
Small Blind : Folds
Lon_Cherry: calls $0.50
*** FLOP *** [Qd Js 8c]
Big Blind : Checks
Chad_Cayenne: bets $0.75
Tawana_Pinto: calls $0.75
Lon_Cherry: calls $0.75
*** TURN *** [Qd Js 8c] [4c]
Big Blind : Checks
UTG : Checks
Dealer : Checks
*** RIVER *** [Qd Js 8c 4c] [9d]
Lon_Cherry: bets $2
UTG : Folds
UTG : Leave(Auto)
Tawana_Pinto: raises $10.50 to $10.50 and is all-in
Lon_Cherry: calls $8.50
*** SHOW DOWN ***
Tawana_Pinto: shows Js Td 9 (a straight, Nine to King)
Lon_Cherry: Mucks [As Ts] (Straight)
Tawana_Pinto collected $24.32 from pot
*** SUMMARY ***
Total pot $25.60 | Rake $1.28
Board [Qd Js 8c 4c 9d]
Seat 1: Chad_Cayenne mucked [Ac Jd]
Seat 2: Hero mucked [9s 7d]
Seat 3: Buford_Alfalfa mucked [6h 8d]
Seat 4: Tawana_Pinto (button) showed [Td Kh] and won ($24.32) with a straight, Nine to King
Seat 5: Van_Sprouts (small blind) mucked
Seat 6: Lon_Cherry (big blind) mucked [As Ts]



PokerStars Hand #3633294544: Hold'em No Limit ($0.10/$0.25)  - 2018/07/22 0:41:59
Table '#1286' 6-max Seat #5 is the button
Seat 1: Andree_Ugli ($15.69 in chips)
Seat 2: Randy_Rutabaga ($32.19 in chips)
Seat 3: Hero ($50.59 in chips)
Seat 4: Norman_Potatos ($6.11 in chips)
Seat 5: Trista_Cucumber ($26.92 in chips)
Seat 6: Cody_Cucumber ($25.23 in chips)
Cody_Cucumber: posts small blind $0.10
Andree_Ugli: posts big blind $0.25
*** HOLE CARDS ***
Dealt to Hero [6d 3c]
UTG+2 : Leave(Auto)
UTG+1  [ME] : Leave(Auto)
UTG : Folds
UTG : Leave(Auto)
UTG+1  [ME] : Folds
UTG+2 : Folds
Trista_Cucumber: folds
Dealer : Leave(Auto)
Cody_Cucumber: calls $0.15
Big Blind : Checks
*** FLOP *** [Ad Td 4s]
Small Blind : Checks
Big Blind : Checks
*** TURN *** [Ad Td 4s] [Ts]
Small Blind : Checks
Big Blind : Checks
*** RIVER *** [Ad Td 4s Ts] [4c]
Small Blind : Checks
Big Blind : Checks
*** SHOW DOWN ***
Cody_Cucumber: shows 4s 4c A (two pair, Tens and Fours)
Andree_Ugli: shows 4s 4c A (two pair, Tens and Fours)
Andree_Ugli collected $0.24 from pot
Cody_Cucumber collected $0.24 from pot
*** SUMMARY ***
Total pot $0.50 | Rake $0.02
Board [Ad Td 4s Ts 4c]
Seat 1: Andree_Ugli (big blind) showed [Jd 5s] and won ($0.24) with two pair, Tens and Fours
Seat 2: Randy_Rutabaga mucked [2h Kh]
Seat 3: Hero mucked
Seat 4: Norman_Potatos mucked
Seat 5: Trista_Cucumber (button) mucked [2c Tc]
Seat 6: Cody_Cucumber (small blind) showed [3d 3h] and won ($0.24) with two pair, Tens and Fours



PokerStars Hand #3633294592: Hold'em No Limit ($0.10/$0.25)  - 2018/07/22 0:42:05
Table '#1286' 6-max Seat #2 is the button
Seat 1: Hero ($50.59 in chips)
Seat 2: Yun_Anise ($14.76 in chips)
Seat 3: Roman_Papaya ($27.76 in chips)
Seat 4: Myrle_Parnsip ($22.88 in chips)
Seat 5: Mitsue_Sprouts ($55.27 in chips)
Seat 6: Chuck_Kiwi ($29.22 in chips)
Roman_Papaya: posts small blind $0.10
Myrle_Parnsip: posts big blind $0.25
*** HOLE CARDS ***
Dealt to Hero [Qc 9h]
UTG+1 : Leave(Auto)
UTG+2  [ME] : Leave(Auto)
UTG : Folds
UTG : Leave(Auto)
UTG+1 : Folds
UTG+2  [ME] : Folds
Yun_Anise: calls $0.25
Roman_Papaya: calls $0.15
Big Blind : Checks
*** FLOP *** [5d 6d Jc]
Roman_Papaya: bets $0.25
Myrle_Parnsip: calls $0.25
Yun_Anise: calls $0.25
*** TURN *** [5d 6d Jc] [3h]
Roman_Papaya: bets $0.50
Myrle_Parnsip: calls $0.50
Yun_Anise: calls $0.50
*** RIVER *** [5d 6d Jc 3h] [Jh]
Small Blind : Checks
Big Blind : Checks
Yun_Anise: bets $0.25
Small Blind : Folds
Small Blind : Leave(Auto)
Big Blind : Folds
Big Blind : Leave(Auto)
Uncalled bet ($0.25) returned to Yun_Anise
Yun_Anise: doesn't show hand
Yun_Anise collected $2.85 from pot
*** SUMMARY ***
Total pot $3.00 | Rake $0.15



PokerStars Hand #3633294639: Hold'em No Limit ($0.10/$0.25)  - 2018/07/22 0:42:10
Table '#1286' 6-max Seat #6 is the button
Seat 1: Jerrie_Spinach ($47.74 in chips)
Seat 2: Asia_Skirret ($29.22 in chips)
Seat 3: Trent_Chili ($14.16 in chips)
Seat 4: Hero ($50.59 in chips)
Seat 5: Dick_Sage ($10.42 in chips)
Seat 6: Crista_Figs ($28.22 in chips)
Jerrie_Spinach: posts small blind $0.10
Asia_Skirret: posts big blind $0.25
*** HOLE CARDS ***
Dealt to Hero [Td Qc]
Small Blind : Leave(Auto)
UTG+2 : Leave(Auto)
UTG+1  [ME] : Leave(Auto)
UTG : Folds
UTG : Leave(Auto)
UTG+1  [ME] : Folds
UTG+2 : Folds
Crista_Figs: raises $0.75 to $0.75
Small Blind : Folds
Big Blind : Folds
Big Blind : Leave(Auto)
Uncalled bet ($0.50) returned to Crista_Figs
Crista_Figs: doesn't show hand
Crista_Figs collected $0.60 from pot
*** SUMMARY ***
Total pot $0.60



PokerStars Hand #3633294699: Hold'em No Limit ($0.10/$0.25)  - 2018/07/22 0:42:17
Table '#1286' 6-max Seat #2 is the button
Seat 1: Hero ($50.59 in chips)
Seat 2: Ashli_Juniper ($70.54 in chips)
Seat 3: Iraida_Tubers ($76.65 in chips)
Seat 4: Lynn_Grapes ($9.80 in chips)
Seat 5: Kristi_Thyme ($23.41 in chips)
Seat 6: Janice_Nettles ($45.85 in chips)
Iraida_Tubers: posts small blind $0.10
Lynn_Grapes: posts big blind $0.25
*** HOLE CARDS ***
Dealt to Hero [4d 2d]
UTG+2  [ME] : Leave(Auto)
UTG+1 : Leave(Auto)
Kristi_Thyme: raises $0.75 to $0.75
UTG+1 : Folds
UTG+2  [ME] : Folds
Dealer : Folds
Dealer : Leave(Auto)
Big Blind : Leave(Auto)
Iraida_Tubers: calls $0.65
Big Blind : Folds
*** FLOP *** [4h Kh Qd]
Small Blind : Checks
Kristi_Thyme: bets $1
Small Blind : Folds
Small Blind : Leave(Auto)
Uncalled bet ($1) returned to Kristi_Thyme
Kristi_Thyme: doesn't show hand
Kristi_Thyme collected $1.67 from pot
*** SUMMARY ***
Total pot $1.75 | Rake $0.08



PokerStars Hand #3633294749: Hold'em No Limit ($0.10/$0.25)  - 2018/07/22 0:42:23
Table '#1286' 6-max Seat #5 is the button
Seat 1: Hero ($50.59 in chips)
Seat 2: Kera_Squash ($45.85 in chips)
Seat 3: Thi_Turnips ($72.72 in chips)
Seat 4: Usha_Anise ($18.68 in chips)
Seat 5: Leigh_Juniper ($13.91 in chips)
Seat 6: Gwyn_Rosemary ($10.42 in chips)
Gwyn_Rosemary: posts small blind $0.10
Hero: posts big blind $0.25
*** HOLE CARDS ***
Dealt to Hero [3h 5c]
UTG+2 : Leave(Auto)
UTG : Folds
UTG : Leave(Auto)
Small Blind : Leave(Auto)
Thi_Turnips: raises $0.75 to $0.75
UTG+2 : Folds
Leigh_Juniper: calls $0.75
Small Blind : Folds
Hero: calls $0.50
*** FLOP *** [Kc 7s Jh]
Big Blind  [ME] : Checks
Thi_Turnips: bets $0.75
Leigh_Juniper: calls $0.75
Big Blind  [ME] : Folds
Big Blind  [ME] : Leave(Auto)
*** TURN *** [Kc 7s Jh] [Qs]
UTG+1 : Checks
Leigh_Juniper: bets $1
Thi_Turnips: calls $1
*** RIVER *** [Kc 7s Jh Qs] [7d]
UTG+1 : Checks
Leigh_Juniper: bets $1
UTG+1 : Folds
UTG+1 : Leave(Auto)
Uncalled bet ($1) returned to Leigh_Juniper
Leigh_Juniper: doesn't show hand
Leigh_Juniper collected $5.56 from pot
*** SUMMARY ***
Total pot $5.85 | Rake $0.29



PokerStars Hand #3633295018: Hold'em No Limit ($0.10/$0.25)  - 2018/07/22 0:42:58
Table '#1286' 6-max Seat #2 is the button
Seat 1: Hero ($49.84 in chips)
Seat 2: Caryl_Quinoa ($25 in chips)
Seat 3: Temika_Lime ($28.77 in chips)
Seat 4: Rhonda_Salak ($21.64 in chips)
Seat 5: Venita_Papaya ($24.40 in chips)
Seat 6: Cyrus_Habanero ($60.45 in chips)
Temika_Lime: posts small blind $0.10
Rhonda_Salak: posts big blind $0.25
*** HOLE CARDS ***
Dealt to Hero [Ks 2s]
Dealer : Leave(Auto)
UTG : Folds
UTG : Leave(Auto)
Small Blind : Leave(Auto)
UTG+1 : Folds
UTG+1 : Leave(Auto)
UTG+2  [ME] : Folds
UTG+2  [ME] : Leave(Auto)
Dealer : Folds
Small Blind : Folds
Rhonda_Salak: doesn't show hand
Uncalled bet ($0.25) returned to Rhonda_Salak
Rhonda_Salak collected $0.10 from pot
*** SUMMARY ***
Total pot $0.10



PokerStars Hand #3633295114: Hold'em No Limit ($0.10/$0.25)  - 2018/07/22 0:43:10
Table '#1286' 6-max Seat #1 is the button
Seat 1: Collin_Mango ($26.84 in chips)
Seat 2: Fay_Alfalfa ($24.75 in chips)
Seat 3: Bula_Plum ($43.48 in chips)
Seat 4: Hero ($49.84 in chips)
Seat 5: Tama_Rhubarb ($28.61 in chips)
Seat 6: Zane_Ugli ($28.67 in chips)
Fay_Alfalfa: posts small blind $0.10
Bula_Plum: posts big blind $0.25
*** HOLE CARDS ***
Dealt to Hero [9d 5c]
Dealer : Leave(Auto)
UTG  [ME] : Folds
UTG  [ME] : Leave(Auto)
UTG+2 : Leave(Auto)
Tama_Rhubarb: raises $0.75 to $0.75
UTG+2 : Folds
Dealer : Folds
Small Blind : Folds
Small Blind : Leave(Auto)
Bula_Plum: calls $0.50
*** FLOP *** [Ks 2h Kh]
Big Blind : Checks
UTG+1 : Checks
*** TURN *** [Ks 2h Kh] [4d]
Big Blind : Checks
Tama_Rhubarb: bets $0.55
Big Blind : Folds
Big Blind : Leave(Auto)
Uncalled bet ($0.55) returned to Tama_Rhubarb
Tama_Rhubarb: doesn't show hand
Tama_Rhubarb collected $1.52 from pot
*** SUMMARY ***
Total pot $1.60 | Rake $0.08
Board [Ks 2h Kh 4d]
Seat 1: Collin_Mango (button) showed [4c Jc] and lost
Seat 2: Fay_Alfalfa (small blind) mucked [5h 9h]
Seat 3: Bula_Plum (big blind) mucked [Ad 8d]
Seat 4: Hero mucked [9d 5c]
Seat 5: Tama_Rhubarb showed [As 2s] and won ($1.52)
Seat 6: Zane_Ugli showed [Qc 7d] and lost



PokerStars Hand #3633295169: Hold'em No Limit ($0.10/$0.25)  - 2018/07/22 0:43:15
Table '#1286' 6-max Seat #3 is the button
Seat 1: Junior_Tubers ($24.35 in chips)
Seat 2: Bebe_Jalapeño ($27.18 in chips)
Seat 3: Zena_Lentils ($26.84 in chips)
Seat 4: Hero ($49.84 in chips)
Seat 5: Stevie_Basil ($68.77 in chips)
Seat 6: Kena_Parnsip ($28.67 in chips)
Hero: posts small blind $0.10
Stevie_Basil: posts big blind $0.25
*** HOLE CARDS ***
Dealt to Hero [Ah 7c]
Dealer : Leave(Auto)
Big Blind : Leave(Auto)
Kena_Parnsip: calls $0.25
UTG+1 : Folds
UTG+1 : Leave(Auto)
Bebe_Jalapeño: raises $0.75 to $0.75
Dealer : Folds
Small Blind  [ME] : Folds
Small Blind  [ME] : Leave(Auto)
Big Blind : Folds
Kena_Parnsip: calls $0.50
*** FLOP *** [2c 5d Js]
UTG : Checks
UTG+2 : Checks
*** TURN *** [2c 5d Js] [Kh]
UTG : Checks
UTG+2 : Checks
*** RIVER *** [2c 5d Js Kh] [As]
Kena_Parnsip: bets $0.25
Bebe_Jalapeño: calls $0.25
*** SHOW DOWN ***
Kena_Parnsip: shows [9s 9h] (a pair of Nines)
Bebe_Jalapeño: Mucks [3d 3h] (One pair)
Kena_Parnsip collected $2.24 from pot
*** SUMMARY ***
Total pot $2.35 | Rake $0.11



PokerStars Hand #3633295365: Hold'em No Limit ($0.10/$0.25)  - 2018/07/22 0:43:38
Table '#1286' 6-max Seat #5 is the button
Seat 1: Adam_Spinach ($24.65 in chips)
Seat 2: Isreal_Collard ($24.47 in chips)
Seat 3: Mario_Jicama ($82.33 in chips)
Seat 4: Hero ($49.74 in chips)
Seat 5: Eboni_Jujube ($48.79 in chips)
Seat 6: Mina_Juniper ($12.47 in chips)
Mina_Juniper: posts small blind $0.10
Adam_Spinach: posts big blind $0.25
*** HOLE CARDS ***
Dealt to Hero [6d 4c]
UTG+1 : Leave(Auto)
UTG : Folds
UTG : Leave(Auto)
UTG+1 : Folds
UTG+2  [ME] : Folds
UTG+2  [ME] : Leave(Auto)
Eboni_Jujube: raises $0.75 to $0.75
Mina_Juniper: calls $0.65
Adam_Spinach: calls $0.50
*** FLOP *** [Qh Ts 7s]
Small Blind : Checks
Big Blind : Checks
Eboni_Jujube: bets $1
Small Blind : Folds
Small Blind : Leave(Auto)
Big Blind : Folds
Big Blind : Leave(Auto)
Uncalled bet ($1) returned to Eboni_Jujube
Eboni_Jujube: doesn't show hand
Eboni_Jujube collected $2.14 from pot
*** SUMMARY ***
Total pot $2.25 | Rake $0.11



PokerStars Hand #3633295435: Hold'em No Limit ($0.10/$0.25)  - 2018/07/22 0:43:46
Table '#1286' 6-max Seat #2 is the button
Seat 1: Monet_Habanero ($24.34 in chips)
Seat 2: Malka_Arugula ($42.53 in chips)
Seat 3: Hero ($49.74 in chips)
Seat 4: Ming_Squash ($3.70 in chips)
Seat 5: Marco_Olive ($32.69 in chips)
Seat 6: Rafael_Bananas ($24.65 in chips)
Hero: posts small blind $0.10
Ming_Squash: posts big blind $0.25
*** HOLE CARDS ***
Dealt to Hero [As Kc]
UTG : Folds
UTG : Leave(Auto)
UTG+2 : Leave(Auto)
Dealer : Leave(Auto)
UTG+1 : Folds
UTG+1 : Leave(Auto)
UTG+2 : Folds
Dealer : Folds
Hero: calls $0.15
Big Blind : Checks
*** FLOP *** [3c Qh 4c]
Small Blind  [ME] : Checks
Big Blind : Checks
*** TURN *** [3c Qh 4c] [2d]
Small Blind  [ME] : Checks
Ming_Squash: bets $0.75
Hero: calls $0.75
*** RIVER *** [3c Qh 4c 2d] [3s]
Small Blind  [ME] : Checks
Ming_Squash: bets $1.25
Hero: calls $1.25
*** SHOW DOWN ***
Ming_Squash: shows Qh Td 6 (a pair of Threes)
Hero: shows As Kc Q (a pair of Threes)
Hero collected $4.28 from pot
*** SUMMARY ***
Total pot $4.50 | Rake $0.22
Board [3c Qh 4c 2d 3s]
Seat 1: Monet_Habanero mucked
Seat 2: Malka_Arugula (button) mucked
Seat 3: Hero (small blind) showed [As Kc] and won ($4.28) with a pair of Threes
Seat 4: Ming_Squash (big blind) showed Qh Td 6 and lost with a pair of Threes
Seat 5: Marco_Olive mucked [Tc 4d]
Seat 6: Rafael_Bananas mucked [9d 4s]



PokerStars Hand #3633295854: Hold'em No Limit ($0.10/$0.25)  - 2018/07/22 0:44:33
Table '#1286' 6-max Seat #4 is the button
Seat 1: Dana_Lettuce ($23.02 in chips)
Seat 2: Sirena_Spinach ($24.89 in chips)
Seat 3: Lester_Caraway ($24.75 in chips)
Seat 4: Arleen_Parsley ($51.27 in chips)
Seat 5: Vada_Apricots ($25 in chips)
Seat 6: Hero ($51.77 in chips)
Vada_Apricots: posts small blind $0.10
Hero: posts big blind $0.25
*** HOLE CARDS ***
Dealt to Hero [7c 6s]
Dana_Lettuce: raises $0.75 to $0.75
UTG+2 : Leave(Auto)
UTG+1 : Folds
UTG+1 : Leave(Auto)
UTG+2 : Folds
Arleen_Parsley: raises $2.25 to $2.25
Big Blind  [ME] : Leave(Auto)
Small Blind : Folds
Small Blind : Leave(Auto)
Big Blind  [ME] : Folds
Dana_Lettuce: calls $1.50
*** FLOP *** [8d Qd 3d]
UTG : Checks
Arleen_Parsley: bets $4.85
UTG : Folds
UTG : Leave(Auto)
Uncalled bet ($4.85) returned to Arleen_Parsley
Arleen_Parsley: doesn't show hand
Arleen_Parsley collected $4.61 from pot
*** SUMMARY ***
Total pot $4.85 | Rake $0.24
Board [8d Qd 3d]
Seat 1: Dana_Lettuce mucked [Th Jh]
Seat 2: Sirena_Spinach mucked [9h 3c]
Seat 3: Lester_Caraway showed [7s Ad] and lost
Seat 4: Arleen_Parsley (button) showed [Qh Ah] and won ($4.61)
Seat 5: Vada_Apricots (small blind) mucked [Tc 9c]
Seat 6: Hero (big blind) showed [7c 6s] and lost



PokerStars Hand #3633296020: Hold'em No Limit ($0.10/$0.25)  - 2018/07/22 0:44:53
Table '#1286' 6-max Seat #5 is the button
Seat 1: Leonia_Cucumber ($12.50 in chips)
Seat 2: Euna_Yams ($25.10 in chips)
Seat 3: Nidia_Okra ($25 in chips)
Seat 4: Rene_Jicama ($40.39 in chips)
Seat 5: Ariana_Fennel ($24.75 in chips)
Seat 6: Hero ($51.52 in chips)
Hero: posts small blind $0.10
Leonia_Cucumber: posts big blind $0.25
*** HOLE CARDS ***
Dealt to Hero [4c Kd]
UTG+1 : Leave(Auto)
Small Blind  [ME] : Leave(Auto)
UTG : Folds
UTG : Leave(Auto)
UTG+1 : Folds
Dealer : Leave(Auto)
UTG+2 : Folds
UTG+2 : Leave(Auto)
Dealer : Folds
Small Blind  [ME] : Folds
Leonia_Cucumber: doesn't show hand
Uncalled bet ($0.25) returned to Leonia_Cucumber
Leonia_Cucumber collected $0.10 from pot
*** SUMMARY ***
Total pot $0.10
Seat 1: Leonia_Cucumber (big blind) showed [7c 9d] and won ($0.10)
Seat 2: Euna_Yams mucked [Js 7h]
Seat 3: Nidia_Okra showed [5h 9h] and lost
Seat 4: Rene_Jicama mucked [Ts 6c]
Seat 5: Ariana_Fennel (button) showed [Jh 7s] and lost
Seat 6: Hero (small blind) showed [4c Kd] and lost



PokerStars Hand #3633296065: Hold'em No Limit ($0.10/$0.25)  - 2018/07/22 0:44:59
Table '#1286' 6-max Seat #1 is the button
Seat 1: Brandy_Habanero ($22.70 in chips)
Seat 2: Karen_Daikon ($11.23 in chips)
Seat 3: Lyn_Onions ($16.60 in chips)
Seat 4: Hero ($51.42 in chips)
Seat 5: Kandy_Beets ($23.68 in chips)
Seat 6: Kera_Yams ($25.10 in chips)
Karen_Daikon: posts small blind $0.10
Lyn_Onions: posts big blind $0.25
*** HOLE CARDS ***
Dealt to Hero [5h Qc]
UTG+1 : Leave(Auto)
UTG  [ME] : Folds
UTG  [ME] : Leave(Auto)
UTG+1 : Folds
UTG+2 : Folds
UTG+2 : Leave(Auto)
Brandy_Habanero: raises $0.85 to $0.85
Big Blind : Leave(Auto)
Karen_Daikon: calls $0.75
Big Blind : Folds
*** FLOP *** [Kh Jc 8c]
Karen_Daikon: bets $1.95
Brandy_Habanero: calls $1.95
*** TURN *** [Kh Jc 8c] [7c]
Small Blind : Checks
Brandy_Habanero: bets $0.91
Small Blind : Folds
Small Blind : Leave(Auto)
Uncalled bet ($0.91) returned to Brandy_Habanero
Brandy_Habanero: doesn't show hand
Brandy_Habanero collected $5.56 from pot
*** SUMMARY ***
Total pot $5.85 | Rake $0.29
Board [Kh Jc 8c 7c]
Seat 1: Brandy_Habanero (button) showed [7s Ks] and won ($5.56)
Seat 2: Karen_Daikon (small blind) mucked [4d 4h]
Seat 3: Lyn_Onions (big blind) showed [9s 2s] and lost
Seat 4: Hero mucked [5h Qc]
Seat 5: Kandy_Beets showed [Ac 2h] and lost
Seat 6: Kera_Yams mucked [Kc 5c]



PokerStars Hand #3633296104: Hold'em No Limit ($0.10/$0.25)  - 2018/07/22 0:45:04
Table '#1286' 6-max Seat #2 is the button
Seat 1: Leora_Tomatoes ($143.63 in chips)
Seat 2: Scott_Fennel ($24.65 in chips)
Seat 3: Hero ($51.42 in chips)
Seat 4: Alba_Radish ($9.61 in chips)
Seat 5: Eula_Yams ($28.57 in chips)
Seat 6: Dimple_Lettuce ($46.20 in chips)
Hero: posts small blind $0.10
Alba_Radish: posts big blind $0.25
*** HOLE CARDS ***
Dealt to Hero [3s 2h]
UTG : Folds
UTG : Leave(Auto)
Small Blind  [ME] : Leave(Auto)
Dealer : Leave(Auto)
UTG+2 : Leave(Auto)
UTG+1 : Folds
UTG+1 : Leave(Auto)
UTG+2 : Folds
Dealer : Folds
Small Blind  [ME] : Folds
Alba_Radish: doesn't show hand
Uncalled bet ($0.25) returned to Alba_Radish
Alba_Radish collected $0.10 from pot
*** SUMMARY ***
Total pot $0.10



PokerStars Hand #3633296149: Hold'em No Limit ($0.10/$0.25)  - 2018/07/22 0:45:09
Table '#1286' 6-max Seat #6 is the button
Seat 1: Cathie_Bok Choy ($6.23 in chips)
Seat 2: Raeann_Plum ($25.10 in chips)
Seat 3: Daina_Marjoram ($31.48 in chips)
Seat 4: Hero ($51.32 in chips)
Seat 5: Reta_Cayenne ($28.49 in chips)
Seat 6: Vivien_Lavender ($63.84 in chips)
Cathie_Bok Choy: posts small blind $0.10
Raeann_Plum: posts big blind $0.25
*** HOLE CARDS ***
Dealt to Hero [2s 9d]
UTG+2 : Leave(Auto)
UTG : Folds
UTG : Leave(Auto)
UTG+1  [ME] : Folds
UTG+1  [ME] : Leave(Auto)
UTG+2 : Folds
Vivien_Lavender: raises $0.75 to $0.75
Small Blind : Folds
Small Blind : Leave(Auto)
Big Blind : Folds
Big Blind : Leave(Auto)
Uncalled bet ($0.50) returned to Vivien_Lavender
Vivien_Lavender: doesn't show hand
Vivien_Lavender collected $0.60 from pot
*** SUMMARY ***
Total pot $0.60



PokerStars Hand #3633296194: Hold'em No Limit ($0.10/$0.25)  - 2018/07/22 0:45:14
Table '#1286' 6-max Seat #2 is the button
Seat 1: Hanh_Arugula ($16.35 in chips)
Seat 2: Lula_Quince ($42.34 in chips)
Seat 3: Elsy_Yuzu ($10.89 in chips)
Seat 4: Bryce_Shallot ($44.48 in chips)
Seat 5: Hero ($51.32 in chips)
Seat 6: Lan_Sage ($49.83 in chips)
Elsy_Yuzu: posts small blind $0.10
Bryce_Shallot: posts big blind $0.25
*** HOLE CARDS ***
Dealt to Hero [5c 9d]
UTG+1 : Leave(Auto)
UTG  [ME] : Folds
UTG  [ME] : Leave(Auto)
UTG+1 : Folds
Hanh_Arugula: raises $0.75 to $0.75
Small Blind : Leave(Auto)
Dealer : Folds
Dealer : Leave(Auto)
Small Blind : Folds
Bryce_Shallot: raises $2 to $2.25
UTG+2 : Folds
UTG+2 : Leave(Auto)
Uncalled bet ($1.50) returned to Bryce_Shallot
Bryce_Shallot: doesn't show hand
Bryce_Shallot collected $1.60 from pot
*** SUMMARY ***
Total pot $1.60



PokerStars Hand #3633296242: Hold'em No Limit ($0.10/$0.25)  - 2018/07/22 0:45:20
Table '#1286' 6-max Seat #1 is the button
Seat 1: Hero ($51.32 in chips)
Seat 2: Gerard_Orange ($12.60 in chips)
Seat 3: Julie_Plumcot ($25.25 in chips)
Seat 4: Marine_Zuchinis ($19.65 in chips)
Seat 5: Anette_Fennel ($27.26 in chips)
Seat 6: Debrah_Honeydew ($56.92 in chips)
Gerard_Orange: posts small blind $0.10
Julie_Plumcot: posts big blind $0.25
*** HOLE CARDS ***
Dealt to Hero [9h 6s]
UTG+1 : Leave(Auto)
Small Blind : Leave(Auto)
UTG : Folds
UTG : Leave(Auto)
UTG+1 : Folds
Dealer  [ME] : Leave(Auto)
UTG+2 : Folds
UTG+2 : Leave(Auto)
Dealer  [ME] : Folds
Small Blind : Folds
Julie_Plumcot: doesn't show hand
Uncalled bet ($0.25) returned to Julie_Plumcot
Julie_Plumcot collected $0.10 from pot
*** SUMMARY ***
Total pot $0.10
Seat 1: Hero (button) showed [9h 6s] and lost
Seat 2: Gerard_Orange (small blind) showed [Js 7d] and lost
Seat 3: Julie_Plumcot (big blind) showed [3d Ac] and won ($0.10)
Seat 4: Marine_Zuchinis mucked [8h 4d]
Seat 5: Anette_Fennel showed [Kc 3s] and lost
Seat 6: Debrah_Honeydew mucked [Th 7s]



PokerStars Hand #3633296280: Hold'em No Limit ($0.10/$0.25)  - 2018/07/22 0:45:25
Table '#1286' 6-max Seat #4 is the button
Seat 1: Lavada_Okra ($59.49 in chips)
Seat 2: Romana_Fennel ($24.75 in chips)
Seat 3: Lorita_Tomatoes ($19.65 in chips)
Seat 4: Martin_Satsuma ($42.34 in chips)
Seat 5: Elmo_Bok Choy ($24.80 in chips)
Seat 6: Hero ($51.32 in chips)
Elmo_Bok Choy: posts small blind $0.10
Hero: posts big blind $0.25
*** HOLE CARDS ***
Dealt to Hero [9s Ah]
Small Blind : Leave(Auto)
UTG : Folds
UTG : Leave(Auto)
UTG+2 : Leave(Auto)
Romana_Fennel: raises $0.75 to $0.75
UTG+2 : Folds
Martin_Satsuma: raises $2 to $2
Small Blind : Folds
Big Blind  [ME] : Folds
Big Blind  [ME] : Leave(Auto)
UTG+1 : Folds
UTG+1 : Leave(Auto)
Uncalled bet ($1.25) returned to Martin_Satsuma
Martin_Satsuma: doesn't show hand
Martin_Satsuma collected $1.85 from pot
*** SUMMARY ***
Total pot $1.85



PokerStars Hand #3633296478: Hold'em No Limit ($0.10/$0.25)  - 2018/07/22 0:45:47
Table '#1286' 6-max Seat #1 is the button
Seat 1: Debrah_Jalapeño ($45.33 in chips)
Seat 2: Yaeko_Tabasco ($19.75 in chips)
Seat 3: Anibal_Daikon ($36.99 in chips)
Seat 4: Owen_Potatos ($27.57 in chips)
Seat 5: Freda_Shallot ($10.51 in chips)
Seat 6: Hero ($51.07 in chips)
Yaeko_Tabasco: posts small blind $0.10
Anibal_Daikon: posts big blind $0.25
*** HOLE CARDS ***
Dealt to Hero [5d Qs]
Small Blind : Leave(Auto)
Dealer : Leave(Auto)
UTG+2  [ME] : Leave(Auto)
UTG : Folds
UTG : Leave(Auto)
Freda_Shallot: calls $0.25
UTG+2  [ME] : Folds
Dealer : Folds
Small Blind : Folds
Big Blind : Checks
*** FLOP *** [Kh Qc Tc]
Big Blind : Checks
UTG+1 : Checks
*** TURN *** [Kh Qc Tc] [3d]
Big Blind : Checks
UTG+1 : Checks
*** RIVER *** [Kh Qc Tc 3d] [3h]
Big Blind : Checks
UTG+1 : Checks
*** SHOW DOWN ***
Anibal_Daikon: shows [Jd 5s] (a pair of Threes)
Freda_Shallot: shows [2h Ad] (a pair of Threes)
Freda_Shallot collected $0.57 from pot
*** SUMMARY ***
Total pot $0.60 | Rake $0.03



PokerStars Hand #3633296519: Hold'em No Limit ($0.10/$0.25)  - 2018/07/22 0:45:52
Table '#1286' 6-max Seat #6 is the button
Seat 1: Darryl_Peach ($26.51 in chips)
Seat 2: Nicky_Soursop ($25 in chips)
Seat 3: Arleen_Quinoa ($24.90 in chips)
Seat 4: Eleni_Alfalfa ($24.86 in chips)
Seat 5: Hero ($51.07 in chips)
Seat 6: Veola_Cucumber ($24 in chips)
Darryl_Peach: posts small blind $0.10
Nicky_Soursop: posts big blind $0.25
*** HOLE CARDS ***
Dealt to Hero [8s 8h]
UTG : Folds
UTG : Leave(Auto)
Eleni_Alfalfa: raises $0.75 to $0.75
Big Blind : Leave(Auto)
Hero: calls $0.75
Dealer : Folds
Dealer : Leave(Auto)
Darryl_Peach: calls $0.65
Big Blind : Folds
*** FLOP *** [5h Ac Qd]
Darryl_Peach: checks
Eleni_Alfalfa: bets $1.50
UTG+2  [ME] : Folds
UTG+2  [ME] : Leave(Auto)
Small Blind : Folds
Uncalled bet ($1.50) returned to Eleni_Alfalfa
Eleni_Alfalfa: doesn't show hand
Eleni_Alfalfa collected $2.38 from pot
*** SUMMARY ***
Total pot $2.50 | Rake $0.12



PokerStars Hand #3633296882: Hold'em No Limit ($0.10/$0.25)  - 2018/07/22 0:46:36
Table '#1286' 6-max Seat #5 is the button
Seat 1: Keiko_Plumcot ($24.78 in chips)
Seat 2: Elease_Peppers ($36.74 in chips)
Seat 3: Rachal_Yuzu ($49.58 in chips)
Seat 4: Hero ($50.32 in chips)
Seat 5: Marcel_Radish ($23.40 in chips)
Seat 6: Ericka_Rhubarb ($44.48 in chips)
Ericka_Rhubarb: posts small blind $0.10
Keiko_Plumcot: posts big blind $0.25
*** HOLE CARDS ***
Dealt to Hero [As 5c]
UTG+1 : Leave(Auto)
UTG : Folds
UTG : Leave(Auto)
UTG+1 : Folds
Small Blind : Leave(Auto)
UTG+2  [ME] : Folds
UTG+2  [ME] : Leave(Auto)
Dealer : Folds
Dealer : Leave(Auto)
Small Blind : Folds
Keiko_Plumcot: doesn't show hand
Uncalled bet ($0.25) returned to Keiko_Plumcot
Keiko_Plumcot collected $0.10 from pot
*** SUMMARY ***
Total pot $0.10



PokerStars Hand #3633296937: Hold'em No Limit ($0.10/$0.25)  - 2018/07/22 0:46:43
Table '#1286' 6-max Seat #6 is the button
Seat 1: Freddy_Satsuma ($19.30 in chips)
Seat 2: Ardis_Peas ($25.75 in chips)
Seat 3: Julian_Broccoli ($24.30 in chips)
Seat 4: Hero ($50.32 in chips)
Seat 5: Ed_Jujube ($68.57 in chips)
Seat 6: Dionna_Lime ($25.67 in chips)
Freddy_Satsuma: posts small blind $0.10
Ardis_Peas: posts big blind $0.25
*** HOLE CARDS ***
Dealt to Hero [5c 8h]
Dealer : Leave(Auto)
UTG : Folds
UTG : Leave(Auto)
UTG+1  [ME] : Folds
UTG+1  [ME] : Leave(Auto)
Ed_Jujube: raises $0.75 to $0.75
Dealer : Folds
Freddy_Satsuma: raises $2 to $2.10
Big Blind : Folds
Big Blind : Leave(Auto)
UTG+2 : Folds
UTG+2 : Leave(Auto)
Uncalled bet ($1.35) returned to Freddy_Satsuma
Freddy_Satsuma: doesn't show hand
Freddy_Satsuma collected $1.75 from pot
*** SUMMARY ***
Total pot $1.75



PokerStars Hand #3633296974: Hold'em No Limit ($0.10/$0.25)  - 2018/07/22 0:46:48
Table '#1286' 6-max Seat #5 is the button
Seat 1: Maren_Jicama ($24.30 in chips)
Seat 2: Bessie_Cayenne ($16.35 in chips)
Seat 3: Taunya_Quinoa ($21.66 in chips)
Seat 4: Hero ($50.32 in chips)
Seat 5: Gussie_Alfalfa ($47.78 in chips)
Seat 6: Toby_Caraway ($32.66 in chips)
Toby_Caraway: posts small blind $0.10
Maren_Jicama: posts big blind $0.25
*** HOLE CARDS ***
Dealt to Hero [Tc 2h]
UTG+2  [ME] : Leave(Auto)
Small Blind : Leave(Auto)
Bessie_Cayenne: calls $0.25
Taunya_Quinoa: raises $0.84 to $0.84
UTG+2  [ME] : Folds
Big Blind : Leave(Auto)
Gussie_Alfalfa: calls $0.84
Small Blind : Folds
Big Blind : Folds
UTG : Folds
UTG : Leave(Auto)
*** FLOP *** [5d Td Jd]
Taunya_Quinoa: bets $1.52
Gussie_Alfalfa: calls $1.52
*** TURN *** [5d Td Jd] [Ad]
Taunya_Quinoa: bets $2.84
Gussie_Alfalfa: calls $2.84
*** RIVER *** [5d Td Jd Ad] [3s]
UTG+1 : Checks
Gussie_Alfalfa: bets $5.50
UTG+1 : Folds
UTG+1 : Leave(Auto)
*** SHOW DOWN ***
Gussie_Alfalfa: shows [Kd Qd] (a royal flush)
Uncalled bet ($5.50) returned to Gussie_Alfalfa
Gussie_Alfalfa collected $10.45 from pot
*** SUMMARY ***
Total pot $11.00 | Rake $0.55



PokerStars Hand #3633297015: Hold'em No Limit ($0.10/$0.25)  - 2018/07/22 0:46:53
Table '#1286' 6-max Seat #6 is the button
Seat 1: Jessia_Chives ($26.97 in chips)
Seat 2: Hero ($50.32 in chips)
Seat 3: Sumiko_Oregano ($11.30 in chips)
Seat 4: Tegan_Cayenne ($39.83 in chips)
Seat 5: Larisa_Rambutan ($13.70 in chips)
Seat 6: Xavier_Papaya ($25.76 in chips)
Jessia_Chives: posts small blind $0.10
Hero: posts big blind $0.25
*** HOLE CARDS ***
Dealt to Hero [7d 9s]
Small Blind : Leave(Auto)
Sumiko_Oregano: raises $0.50 to $0.50
UTG+1 : Folds
Larisa_Rambutan: calls $0.50
Xavier_Papaya: calls $0.50
Small Blind : Folds
Hero: calls $0.25
*** FLOP *** [As Js 6s]
Big Blind  [ME] : Checks
Sumiko_Oregano: bets $0.75
Big Blind  [ME] : Leave(Auto)
UTG+2 : Folds
UTG+2 : Leave(Auto)
Xavier_Papaya: calls $0.75
Big Blind  [ME] : Folds
*** TURN *** [As Js 6s] [8h]
UTG : Checks
Dealer : Checks
*** RIVER *** [As Js 6s 8h] [8d]
UTG : Checks
Xavier_Papaya: bets $0.75
Sumiko_Oregano: calls $0.75
*** SHOW DOWN ***
Xavier_Papaya: shows 8h 8d A (two pair, Jacks and Eights)
Sumiko_Oregano: Mucks [Tc Ks] (One pair)
Xavier_Papaya collected $4.85 from pot
*** SUMMARY ***
Total pot $5.10 | Rake $0.25
Board [As Js 6s 8h 8d]
Seat 1: Jessia_Chives (small blind) mucked
Seat 2: Hero (big blind) mucked
Seat 3: Sumiko_Oregano mucked [Tc Ks]
Seat 4: Tegan_Cayenne mucked [6h 9d]
Seat 5: Larisa_Rambutan mucked [Qc Kc]
Seat 6: Xavier_Papaya (button) showed [Qs Jh] and won ($4.85) with two pair, Jacks and Eights



PokerStars Hand #3633297280: Hold'em No Limit ($0.10/$0.25)  - 2018/07/22 0:47:25
Table '#1286' 6-max Seat #5 is the button
Seat 1: Mauro_Habanero ($25.94 in chips)
Seat 2: Hero ($49.82 in chips)
Seat 3: Elwood_Satsuma ($43.54 in chips)
Seat 4: Shad_Thyme ($20.95 in chips)
Seat 5: Vallie_Fennel ($38.86 in chips)
Seat 6: Yang_Potatos ($16.85 in chips)
Yang_Potatos: posts small blind $0.10
Mauro_Habanero: posts big blind $0.25
*** HOLE CARDS ***
Dealt to Hero [7s 4s]
Big Blind : Leave(Auto)
UTG+1 : Leave(Auto)
Small Blind : Leave(Auto)
UTG  [ME] : Folds
UTG  [ME] : Leave(Auto)
UTG+1 : Folds
Shad_Thyme: raises $0.50 to $0.50
Vallie_Fennel: raises $1.60 to $1.60
Small Blind : Folds
Big Blind : Folds
UTG+2 : Folds
UTG+2 : Leave(Auto)
Uncalled bet ($1.10) returned to Vallie_Fennel
Vallie_Fennel: doesn't show hand
Vallie_Fennel collected $1.35 from pot
*** SUMMARY ***
Total pot $1.35



PokerStars Hand #3633297335: Hold'em No Limit ($0.10/$0.25)  - 2018/07/22 0:47:31
Table '#1286' 6-max Seat #4 is the button
Seat 1: Fermin_Thyme ($10.06 in chips)
Seat 2: Hero ($49.82 in chips)
Seat 3: Kasi_Rutabaga ($16.77 in chips)
Seat 4: Lucia_Prunes ($26.43 in chips)
Seat 5: Merle_Lettuce ($24.40 in chips)
Seat 6: Quinn_Kale ($32.21 in chips)
Merle_Lettuce: posts small blind $0.10
Quinn_Kale: posts big blind $0.25
*** HOLE CARDS ***
Dealt to Hero [8h 8c]
Big Blind : Leave(Auto)
Fermin_Thyme: raises $0.75 to $0.75
Small Blind : Leave(Auto)
Hero: calls $0.75
UTG+2 : Folds
UTG+2 : Leave(Auto)
Lucia_Prunes: calls $0.75
Small Blind : Folds
Big Blind : Folds
*** FLOP *** [7s Kh 3d]
UTG : Checks
UTG+1  [ME] : Checks
Dealer : Checks
*** TURN *** [7s Kh 3d] [8d]
Fermin_Thyme: bets $2.07
Hero: calls $2.07
Lucia_Prunes: raises $4.14 to $4.14
Fermin_Thyme: raises $7.24 to $9.31 and is all-in
Hero: raises $47 to $49.07 and is all-in
Lucia_Prunes: calls $21.54 and is all-in
*** RIVER *** [7s Kh 3d 8d] [As]
*** SHOW DOWN ***
Fermin_Thyme: shows [Qh Ks] (a pair of Kings)
Hero: shows null (three of a kind, Eights)
Lucia_Prunes: shows [Ah 6c] (a pair of Aces)
Uncalled bet ($23.39) returned to Hero
Hero collected $31.71 from side pot
Hero collected $29.56 from main pot
*** SUMMARY ***
Total pot $63.27 | Rake $2.00



PokerStars Hand #3633298030: Hold'em No Limit ($0.10/$0.25)  - 2018/07/22 0:48:53
Table '#1286' 6-max Seat #4 is the button
Seat 1: Hero ($84.66 in chips)
Seat 2: Melani_Avocados ($19.70 in chips)
Seat 3: Andre_Spinach ($24.45 in chips)
Seat 4: Armida_Dates ($46.23 in chips)
Seat 5: Jewell_Tomatoes ($27.70 in chips)
Seat 6: Tobias_Wasabi ($25 in chips)
Jewell_Tomatoes: posts small blind $0.10
Tobias_Wasabi: posts big blind $0.25
*** HOLE CARDS ***
Dealt to Hero [9c Ks]
UTG+2 : Leave(Auto)
UTG  [ME] : Folds
UTG  [ME] : Leave(Auto)
Melani_Avocados: raises $0.75 to $0.75
UTG+2 : Folds
Small Blind : Leave(Auto)
Armida_Dates: calls $0.75
Small Blind : Folds
Big Blind : Folds
Big Blind : Leave(Auto)
*** FLOP *** [5c Kd 6d]
Melani_Avocados: bets $0.92
Armida_Dates: calls $0.92
*** TURN *** [5c Kd 6d] [6h]
UTG+1 : Checks
Dealer : Checks
*** RIVER *** [5c Kd 6d 6h] [4d]
UTG+1 : Checks
Dealer : Checks
*** SHOW DOWN ***
Melani_Avocados: shows [As Jd] (a pair of Sixes)
Armida_Dates: shows [Jh Jc] (two pair, Jacks and Sixes)
Armida_Dates collected $3.51 from pot
*** SUMMARY ***
Total pot $3.69 | Rake $0.18



PokerStars Hand #3633298089: Hold'em No Limit ($0.10/$0.25)  - 2018/07/22 0:48:59
Table '#1286' 6-max Seat #4 is the button
Seat 1: Madlyn_Cabbage ($56.67 in chips)
Seat 2: Hero ($84.66 in chips)
Seat 3: Lai_Cilantro ($27.07 in chips)
Seat 4: Eladia_Alfalfa ($44.56 in chips)
Seat 5: Verda_Tat Soi ($17.92 in chips)
Seat 6: Delpha_Yams ($25 in chips)
Verda_Tat Soi: posts small blind $0.10
Delpha_Yams: posts big blind $0.25
*** HOLE CARDS ***
Dealt to Hero [Ac 6s]
UTG+2 : Leave(Auto)
Small Blind : Leave(Auto)
UTG : Folds
UTG : Leave(Auto)
Dealer : Leave(Auto)
UTG+1  [ME] : Folds
UTG+1  [ME] : Leave(Auto)
UTG+2 : Folds
Dealer : Folds
Small Blind : Folds
Delpha_Yams: doesn't show hand
Uncalled bet ($0.25) returned to Delpha_Yams
Delpha_Yams collected $0.10 from pot
*** SUMMARY ***
Total pot $0.10



PokerStars Hand #3633298136: Hold'em No Limit ($0.10/$0.25)  - 2018/07/22 0:49:04
Table '#1286' 6-max Seat #2 is the button
Seat 1: Gary_Cabbage ($51.14 in chips)
Seat 2: Marlon_Basil ($44.56 in chips)
Seat 3: Maya_Bananas ($11.05 in chips)
Seat 4: Doug_Leek ($27.60 in chips)
Seat 5: Hero ($84.66 in chips)
Seat 6: Wen_Anise ($23.38 in chips)
Maya_Bananas: posts small blind $0.10
Doug_Leek: posts big blind $0.25
*** HOLE CARDS ***
Dealt to Hero [Qh 4s]
Small Blind : Leave(Auto)
UTG+2 : Leave(Auto)
UTG  [ME] : Folds
UTG  [ME] : Leave(Auto)
Dealer : Leave(Auto)
Wen_Anise: raises $0.75 to $0.75
UTG+2 : Folds
Dealer : Folds
Small Blind : Folds
Big Blind : Folds
Big Blind : Leave(Auto)
Uncalled bet ($0.50) returned to Wen_Anise
Wen_Anise: doesn't show hand
Wen_Anise collected $0.60 from pot
*** SUMMARY ***
Total pot $0.60



PokerStars Hand #3633298175: Hold'em No Limit ($0.10/$0.25)  - 2018/07/22 0:49:08
Table '#1286' 6-max Seat #3 is the button
Seat 1: Jerica_Habanero ($27.76 in chips)
Seat 2: Kylee_Pinto ($10.95 in chips)
Seat 3: Mattie_Daikon ($51.14 in chips)
Seat 4: Delisa_Parsley ($33.45 in chips)
Seat 5: Hero ($84.66 in chips)
Seat 6: Emilia_Apricots ($10.61 in chips)
Delisa_Parsley: posts small blind $0.10
Hero: posts big blind $0.25
*** HOLE CARDS ***
Dealt to Hero [Ah Ts]
UTG+2 : Leave(Auto)
UTG : Folds
UTG : Leave(Auto)
Dealer : Leave(Auto)
Small Blind : Leave(Auto)
UTG+1 : Folds
UTG+1 : Leave(Auto)
UTG+2 : Folds
Dealer : Folds
Small Blind : Folds
Hero: doesn't show hand
Uncalled bet ($0.25) returned to Hero
Hero collected $0.10 from pot
*** SUMMARY ***
Total pot $0.10



PokerStars Hand #3633298327: Hold'em No Limit ($0.10/$0.25)  - 2018/07/22 0:49:25
Table '#1286' 6-max Seat #6 is the button
Seat 1: Wei_Beans ($49.85 in chips)
Seat 2: Loris_Spinach ($21.45 in chips)
Seat 3: Salina_Figs ($28.98 in chips)
Seat 4: Hero ($84.76 in chips)
Seat 5: Eura_Lychee ($25.45 in chips)
Seat 6: Peggy_Cucumber ($16.67 in chips)
Wei_Beans: posts small blind $0.10
Loris_Spinach: posts big blind $0.25
*** HOLE CARDS ***
Dealt to Hero [9h 8h]
Dealer : Leave(Auto)
UTG+2 : Leave(Auto)
UTG : Folds
UTG : Leave(Auto)
Hero: raises $0.66 to $0.66
UTG+2 : Folds
Dealer : Folds
Wei_Beans: raises $2.13 to $2.23
Big Blind : Folds
Big Blind : Leave(Auto)
Hero: calls $1.57
*** FLOP *** [Ac 5s 5d]
Wei_Beans: bets $2
UTG+1  [ME] : Folds
UTG+1  [ME] : Leave(Auto)
Uncalled bet ($2) returned to Wei_Beans
Wei_Beans: doesn't show hand
Wei_Beans collected $4.48 from pot
*** SUMMARY ***
Total pot $4.71 | Rake $0.23



PokerStars Hand #3633298715: Hold'em No Limit ($0.10/$0.25)  - 2018/07/22 0:50:11
Table '#1286' 6-max Seat #5 is the button
Seat 1: Wayne_Nettles ($61.70 in chips)
Seat 2: Romona_Rutabaga ($11.56 in chips)
Seat 3: Hero ($82.53 in chips)
Seat 4: Dion_Satsuma ($24.75 in chips)
Seat 5: Nia_Plumcot ($25.38 in chips)
Seat 6: Billy_Satsuma ($28.78 in chips)
Billy_Satsuma: posts small blind $0.10
Wayne_Nettles: posts big blind $0.25
*** HOLE CARDS ***
Dealt to Hero [7s Js]
UTG+2 : Leave(Auto)
Dealer : Leave(Auto)
UTG+1  [ME] : Leave(Auto)
Small Blind : Leave(Auto)
Romona_Rutabaga: folds
UTG+1  [ME] : Folds
UTG+2 : Folds
Dealer : Folds
Small Blind : Folds
Wayne_Nettles: doesn't show hand
Uncalled bet ($0.25) returned to Wayne_Nettles
Wayne_Nettles collected $0.10 from pot
*** SUMMARY ***
Total pot $0.10



PokerStars Hand #3633298772: Hold'em No Limit ($0.10/$0.25)  - 2018/07/22 0:50:17
Table '#1286' 6-max Seat #5 is the button
Seat 1: Ellan_Chard ($7.70 in chips)
Seat 2: An_Leek ($12.05 in chips)
Seat 3: Dottie_Skirret ($84.10 in chips)
Seat 4: Kala_Jujube ($10.57 in chips)
Seat 5: Vertie_Kiwi ($0.45 in chips)
Seat 6: Hero ($82.53 in chips)
Hero: posts small blind $0.10
Ellan_Chard: posts big blind $0.25
*** HOLE CARDS ***
Dealt to Hero [Th 9s]
UTG : Folds
UTG : Leave(Auto)
UTG+2 : Leave(Auto)
UTG+1 : Folds
UTG+1 : Leave(Auto)
UTG+2 : Folds
Vertie_Kiwi: bets $0.45 and is all-in
Small Blind  [ME] : Folds
Small Blind  [ME] : Leave(Auto)
Ellan_Chard: calls $0.20
*** FLOP *** [Kc 9d 3d]
*** TURN *** [Kc 9d 3d] [6c]
*** RIVER *** [Kc 9d 3d 6c] [As]
*** SHOW DOWN ***
Ellan_Chard: shows [Jd 7d] (high card Ace)
Vertie_Kiwi: shows [Kd Qc] (a pair of Kings)
Vertie_Kiwi collected $0.95 from pot
*** SUMMARY ***
Total pot $1.00 | Rake $0.05



PokerStars Hand #3633298912: Hold'em No Limit ($0.10/$0.25)  - 2018/07/22 0:50:33
Table '#1286' 6-max Seat #1 is the button
Seat 1: Mireya_Pomelo ($15.14 in chips)
Seat 2: Valery_Lettuce ($17.07 in chips)
Seat 3: Silvia_Quince ($4.15 in chips)
Seat 4: Jaimee_Bananas ($27.06 in chips)
Seat 5: Gerald_Plum ($26.39 in chips)
Seat 6: Hero ($82.43 in chips)
Valery_Lettuce: posts small blind $0.10
Silvia_Quince: posts big blind $0.25
*** HOLE CARDS ***
Dealt to Hero [6s 5h]
Small Blind : Leave(Auto)
UTG : Folds
UTG : Leave(Auto)
Big Blind : Leave(Auto)
UTG+2  [ME] : Leave(Auto)
Dealer : Leave(Auto)
UTG+1 : Folds
UTG+1 : Leave(Auto)
UTG+2  [ME] : Folds
Dealer : Folds
Small Blind : Folds
*** SHOW DOWN ***
Silvia_Quince: shows [Tc 7c] (high card Ten)
Uncalled bet ($0.25) returned to Silvia_Quince
Silvia_Quince collected $0.10 from pot
*** SUMMARY ***
Total pot $0.10



PokerStars Hand #3633298952: Hold'em No Limit ($0.10/$0.25)  - 2018/07/22 0:50:38
Table '#1286' 6-max Seat #3 is the button
Seat 1: Robbyn_Leek ($23.58 in chips)
Seat 2: Hero ($82.43 in chips)
Seat 3: Jimmie_Quinoa ($15.14 in chips)
Seat 4: Barb_Cabbage ($21.49 in chips)
Seat 5: Joe_Ugli ($25.87 in chips)
Seat 6: Ladawn_Honeydew ($28.03 in chips)
Barb_Cabbage: posts small blind $0.10
Joe_Ugli: posts big blind $0.25
*** HOLE CARDS ***
Dealt to Hero [Jc 2s]
UTG+2  [ME] : Leave(Auto)
UTG+1 : Leave(Auto)
Ladawn_Honeydew: raises $0.75 to $0.75
UTG+1 : Folds
UTG+2  [ME] : Folds
Dealer : Folds
Dealer : Leave(Auto)
Small Blind : Folds
Small Blind : Leave(Auto)
Big Blind : Folds
Big Blind : Leave(Auto)
Uncalled bet ($0.50) returned to Ladawn_Honeydew
Ladawn_Honeydew: doesn't show hand
Ladawn_Honeydew collected $0.60 from pot
*** SUMMARY ***
Total pot $0.60



PokerStars Hand #3633298992: Hold'em No Limit ($0.10/$0.25)  - 2018/07/22 0:50:43
Table '#1286' 6-max Seat #6 is the button
Seat 1: Ilse_Tamarind ($51.12 in chips)
Seat 2: Hero ($82.43 in chips)
Seat 3: Dinah_Jicama ($9.86 in chips)
Seat 4: Austin_Pears ($23.58 in chips)
Seat 5: Anglea_Cabbage ($46.97 in chips)
Seat 6: Miki_Coconuts ($22.02 in chips)
Ilse_Tamarind: posts small blind $0.10
Hero: posts big blind $0.25
*** HOLE CARDS ***
Dealt to Hero [As 8d]
UTG : Folds
UTG : Leave(Auto)
Dealer : Leave(Auto)
UTG+1 : Folds
UTG+1 : Leave(Auto)
Anglea_Cabbage: raises $0.85 to $0.85
Dealer : Folds
Small Blind : Folds
Small Blind : Leave(Auto)
Hero: calls $0.60
*** FLOP *** [5s 7h 2d]
Big Blind  [ME] : Checks
Anglea_Cabbage: bets $1.15
Hero: calls $1.15
*** TURN *** [5s 7h 2d] [5h]
Big Blind  [ME] : Checks
UTG+2 : Checks
*** RIVER *** [5s 7h 2d 5h] [Kc]
UTG+2 : Leave(Auto)
Big Blind  [ME] : Checks
UTG+2 : Checks
*** SHOW DOWN ***
Hero: shows null (a pair of Fives)
Anglea_Cabbage: shows [4s 3s] (a pair of Fives)
Hero collected $3.90 from pot
*** SUMMARY ***
Total pot $4.10 | Rake $0.20



PokerStars Hand #3633299436: Hold'em No Limit ($0.10/$0.25)  - 2018/07/22 0:51:34
Table '#1286' 6-max Seat #1 is the button
Seat 1: Hero ($84.33 in chips)
Seat 2: Taryn_Collard ($16.51 in chips)
Seat 3: Louis_Anise ($35.69 in chips)
Seat 4: Darwin_Anise ($65.72 in chips)
Seat 5: Stormy_Plum ($32.48 in chips)
Seat 6: Ebonie_Tabasco ($12.50 in chips)
Taryn_Collard: posts small blind $0.10
Louis_Anise: posts big blind $0.25
*** HOLE CARDS ***
Dealt to Hero [Kd Kh]
UTG+2 : Leave(Auto)
Darwin_Anise: raises $0.75 to $0.75
UTG+1 : Folds
UTG+1 : Leave(Auto)
UTG+2 : Folds
Hero: raises $1.99 to $1.99
Taryn_Collard: calls $1.89
Louis_Anise: calls $1.74
Darwin_Anise: calls $1.24
*** FLOP *** [7s 2s As]
Small Blind : Checks
Big Blind : Checks
UTG : Checks
Dealer  [ME] : Checks
*** TURN *** [7s 2s As] [2c]
Small Blind : Checks
Big Blind : Checks
Darwin_Anise: bets $5.21
Big Blind : Leave(Auto)
Dealer  [ME] : Folds
Dealer  [ME] : Leave(Auto)
Taryn_Collard: raises $14.52 to $14.52 and is all-in
Big Blind : Folds
Darwin_Anise: calls $9.31
*** RIVER *** [7s 2s As 2c] [3d]
*** SHOW DOWN ***
Taryn_Collard: shows [Qs Ks] (a flush, Ace high)
Darwin_Anise: shows [Ad Js] (two pair, Aces and Deuces)
Taryn_Collard collected $35.15 from pot
*** SUMMARY ***
Total pot $37.00 | Rake $1.85



PokerStars Hand #3633299790: Hold'em No Limit ($0.10/$0.25)  - 2018/07/22 0:52:16
Table '#1286' 6-max Seat #3 is the button
Seat 1: Denese_Pinto ($17.49 in chips)
Seat 2: Garret_Kale ($46.38 in chips)
Seat 3: Bailey_Fennel ($21.03 in chips)
Seat 4: Hero ($82.34 in chips)
Seat 5: Beau_Cayenne ($32.48 in chips)
Seat 6: Lane_Sprouts ($137.61 in chips)
Hero: posts small blind $0.10
Beau_Cayenne: posts big blind $0.25
*** HOLE CARDS ***
Dealt to Hero [3s Qs]
UTG : Folds
UTG : Leave(Auto)
Dealer : Leave(Auto)
Denese_Pinto: raises $0.75 to $0.75
Garret_Kale: calls $0.75
Dealer : Folds
Small Blind  [ME] : Folds
Small Blind  [ME] : Leave(Auto)
Big Blind : Folds
Big Blind : Leave(Auto)
*** FLOP *** [5h Js 9s]
Denese_Pinto: bets $0.75
Garret_Kale: raises $2.05 to $2.05
UTG+1 : Folds
UTG+1 : Leave(Auto)
Uncalled bet ($1.30) returned to Garret_Kale
Garret_Kale: doesn't show hand
Garret_Kale collected $3.19 from pot
*** SUMMARY ***
Total pot $3.35 | Rake $0.16



PokerStars Hand #3633299923: Hold'em No Limit ($0.10/$0.25)  - 2018/07/22 0:52:30
Table '#1286' 6-max Seat #5 is the button
Seat 1: Mignon_Cucumber ($80.20 in chips)
Seat 2: Kendra_Broccoli ($58.45 in chips)
Seat 3: Ines_Cayenne ($8.08 in chips)
Seat 4: Hero ($82.24 in chips)
Seat 5: Vaughn_Marjoram ($13.72 in chips)
Seat 6: Ciara_Leek ($24.90 in chips)
Ciara_Leek: posts small blind $0.10
Mignon_Cucumber: posts big blind $0.25
*** HOLE CARDS ***
Dealt to Hero [Tc Ks]
Dealer : Leave(Auto)
UTG : Folds
UTG : Leave(Auto)
Ines_Cayenne: raises $0.75 to $0.75
Small Blind : Leave(Auto)
Big Blind : Leave(Auto)
UTG+2  [ME] : Folds
UTG+2  [ME] : Leave(Auto)
Dealer : Folds
Small Blind : Folds
Big Blind : Folds
Uncalled bet ($0.50) returned to Ines_Cayenne
Ines_Cayenne: doesn't show hand
Ines_Cayenne collected $0.60 from pot
*** SUMMARY ***
Total pot $0.60
Seat 1: Mignon_Cucumber (big blind) showed [7h 4c] and lost
Seat 2: Kendra_Broccoli mucked [8h 5s]
Seat 3: Ines_Cayenne showed [Ad 4d] and won ($0.60)
Seat 4: Hero mucked [Tc Ks]
Seat 5: Vaughn_Marjoram (button) showed [3h Jh] and lost
Seat 6: Ciara_Leek (small blind) showed [7d 9c] and lost



PokerStars Hand #3633300073: Hold'em No Limit ($0.10/$0.25)  - 2018/07/22 0:52:47
Table '#1286' 6-max Seat #1 is the button
Seat 1: Jamaal_Quince ($23.77 in chips)
Seat 2: Gemma_Turnips ($51.57 in chips)
Seat 3: Allena_Beans ($21.08 in chips)
Seat 4: Clara_Tamarind ($7.69 in chips)
Seat 5: Hero ($82.24 in chips)
Seat 6: Loyd_Soy ($28.48 in chips)
Gemma_Turnips: posts small blind $0.10
Allena_Beans: posts big blind $0.25
*** HOLE CARDS ***
Dealt to Hero [6s 4c]
UTG+2 : Leave(Auto)
UTG+1  [ME] : Leave(Auto)
Clara_Tamarind: folds
UTG+1  [ME] : Folds
UTG+2 : Folds
Clara_Tamarind: Seat re-join
UTG : Leave(Auto)
Jamaal_Quince: raises $0.50 to $0.50
Small Blind : Folds
Small Blind : Leave(Auto)
Allena_Beans: calls $0.25
*** FLOP *** [5h 9d 2s]
Big Blind : Checks
Jamaal_Quince: bets $0.25
Big Blind : Folds
Big Blind : Leave(Auto)
Uncalled bet ($0.25) returned to Jamaal_Quince
Jamaal_Quince: doesn't show hand
Jamaal_Quince collected $1.05 from pot
*** SUMMARY ***
Total pot $1.10 | Rake $0.05



PokerStars Hand #3633300103: Hold'em No Limit ($0.10/$0.25)  - 2018/07/22 0:52:51
Table '#1286' 6-max Seat #5 is the button
Seat 1: Reba_Figs ($26.47 in chips)
Seat 2: Wm_Honeydew ($26.40 in chips)
Seat 3: Seema_Yuzu ($39.89 in chips)
Seat 4: Vinita_Marjoram ($28.48 in chips)
Seat 5: Hero ($82.24 in chips)
Seat 6: Doug_Coconuts ($15.99 in chips)
Doug_Coconuts: posts small blind $0.10
Reba_Figs: posts big blind $0.25
*** HOLE CARDS ***
Dealt to Hero [9d 7c]
Dealer  [ME] : Leave(Auto)
UTG : Folds
UTG : Leave(Auto)
Seema_Yuzu: raises $0.75 to $0.75
Small Blind : Leave(Auto)
Vinita_Marjoram: calls $0.75
Dealer  [ME] : Folds
Small Blind : Folds
Big Blind : Folds
Big Blind : Leave(Auto)
*** FLOP *** [2c Td Ac]
Seema_Yuzu: bets $0.75
Vinita_Marjoram: calls $0.75
*** TURN *** [2c Td Ac] [3c]
UTG+1 : Checks
UTG+2 : Checks
*** RIVER *** [2c Td Ac 3c] [2d]
UTG+1 : Checks
Vinita_Marjoram: bets $0.25
Seema_Yuzu: calls $0.25
*** SHOW DOWN ***
Vinita_Marjoram: shows [Qc As] (two pair, Aces and Deuces)
Seema_Yuzu: Mucks [Jh Jc] (Two pair)
Vinita_Marjoram collected $3.66 from pot
*** SUMMARY ***
Total pot $3.85 | Rake $0.19



PokerStars Hand #3633300156: Hold'em No Limit ($0.10/$0.25)  - 2018/07/22 0:52:57
Table '#1286' 6-max Seat #1 is the button
Seat 1: Julia_Tabasco ($25.18 in chips)
Seat 2: Hero ($82.24 in chips)
Seat 3: Sue_Tomatoes ($25.07 in chips)
Seat 4: Anja_Papaya ($35.30 in chips)
Seat 5: Felix_Orange ($26.40 in chips)
Seat 6: Shanon_Rosemary ($7.72 in chips)
Hero: posts small blind $0.10
Sue_Tomatoes: posts big blind $0.25
*** HOLE CARDS ***
Dealt to Hero [Tc 7s]
UTG : Folds
UTG : Leave(Auto)
Small Blind  [ME] : Leave(Auto)
UTG+1 : Folds
UTG+1 : Leave(Auto)
Shanon_Rosemary: calls $0.25
Julia_Tabasco: calls $0.25
Small Blind  [ME] : Folds
Big Blind : Checks
*** FLOP *** [Jh 9h Ah]
Big Blind : Checks
UTG+2 : Checks
Dealer : Checks
*** TURN *** [Jh 9h Ah] [Kd]
Big Blind : Checks
Shanon_Rosemary: bets $0.25
Julia_Tabasco: calls $0.25
Sue_Tomatoes: calls $0.25
*** RIVER *** [Jh 9h Ah Kd] [Ts]
Big Blind : Checks
UTG+2 : Checks
Dealer : Checks
*** SHOW DOWN ***
Sue_Tomatoes: shows [4d Qh] (a straight, Ten to Ace)
Shanon_Rosemary: Mucks [Kh 3d] (One pair)
Julia_Tabasco: Mucks [Td 2c] (One pair)
Sue_Tomatoes collected $1.52 from pot
*** SUMMARY ***
Total pot $1.60 | Rake $0.08



PokerStars Hand #3633300201: Hold'em No Limit ($0.10/$0.25)  - 2018/07/22 0:53:02
Table '#1286' 6-max Seat #5 is the button
Seat 1: Hero ($82.14 in chips)
Seat 2: Erna_Sage ($80.30 in chips)
Seat 3: Henry_Quince ($62.56 in chips)
Seat 4: Rex_Alfalfa ($24.93 in chips)
Seat 5: Aurora_Chives ($18.62 in chips)
Seat 6: Elza_Broccoli ($21.83 in chips)
Elza_Broccoli: posts small blind $0.10
Hero: posts big blind $0.25
*** HOLE CARDS ***
Dealt to Hero [As 5c]
UTG : Folds
UTG : Leave(Auto)
Small Blind : Leave(Auto)
Henry_Quince: raises $0.60 to $0.60
Dealer : Leave(Auto)
UTG+2 : Folds
UTG+2 : Leave(Auto)
Dealer : Folds
Small Blind : Folds
Hero: calls $0.35
*** FLOP *** [6d Qs Js]
Big Blind  [ME] : Checks
UTG+1 : Checks
*** TURN *** [6d Qs Js] [Kd]
Big Blind  [ME] : Checks
UTG+1 : Checks
*** RIVER *** [6d Qs Js Kd] [Jc]
Hero: bets $1.11
Henry_Quince: calls $1.11
*** SHOW DOWN ***
Hero: shows null (a pair of Jacks)
Henry_Quince: shows [6h Ah] (two pair, Jacks and Sixes)
Henry_Quince collected $3.35 from pot
*** SUMMARY ***
Total pot $3.52 | Rake $0.17



PokerStars Hand #3633300698: Hold'em No Limit ($0.10/$0.25)  - 2018/07/22 0:53:57
Table '#1286' 6-max Seat #6 is the button
Seat 1: Shella_Kohlrabi ($29.53 in chips)
Seat 2: Jami_Paprika ($24.68 in chips)
Seat 3: Branda_Habanero ($26.09 in chips)
Seat 4: Ranee_Olive ($7.22 in chips)
Seat 5: Hero ($80.43 in chips)
Seat 6: Joetta_Habanero ($64.20 in chips)
Shella_Kohlrabi: posts small blind $0.10
Jami_Paprika: posts big blind $0.25
*** HOLE CARDS ***
Dealt to Hero [7c 8h]
Small Blind : Leave(Auto)
UTG : Folds
UTG : Leave(Auto)
UTG+1 : Folds
UTG+1 : Leave(Auto)
Hero: folds
Dealer : Folds
Small Blind : Folds
Jami_Paprika: doesn't show hand
Uncalled bet ($0.25) returned to Jami_Paprika
Jami_Paprika collected $0.10 from pot
*** SUMMARY ***
Total pot $0.10




