PokerStars Hand #3661260797: Tournament #21391319, $20+$2 - Hold'em No Limit (30/60) - 2018/04/06 22:06:14
Table '#18' Seat #5 is the button
Seat 1: Ardith_Sage (10,000 in chips)
Seat 2: Van_Oregano (9,980 in chips)
Seat 3: Hero (10,000 in chips)
Seat 4: Nichol_Ginger (10,000 in chips)
Seat 5: Vinnie_Fennel (10,020 in chips)
Seat 6: Kasie_Pumpkins (10,029 in chips)
Seat 7: Emelda_Potatos (14,870 in chips)
Kasie_Pumpkins: posts small blind 30
Emelda_Potatos: posts big blind 60
*** HOLE CARDS ***
Dealt to Hero [Qd 7h]
UTG : Folds
UTG+1 : Folds
UTG+2 [ME] : Folds
Nichol_Ginger: folds
Dealer : Folds
Kasie_Pumpkins: raises 150 to 180
Emelda_Potatos: calls 120 
*** FLOP *** [Ac 4c Qh]
Kasie_Pumpkins: bets 200 
Emelda_Potatos: calls 200 
*** TURN *** [Ac 4c Qh] [Jh]
Kasie_Pumpkins: bets 400 
Emelda_Potatos: calls 400 
*** RIVER *** [Ac 4c Qh Jh] [2c]
Kasie_Pumpkins: bets 750 
Emelda_Potatos: calls 750 
*** SHOW DOWN ***
Kasie_Pumpkins: shows [Ad Jd] (two pair, Aces and Jacks)
Emelda_Potatos: Mucks [Td Ah] (One pair)
Kasie_Pumpkins collected 3060 from pot
*** SUMMARY ***
Total pot 3060 | Rake 0
Board [Ac 4c Qh Jh 2c]
Seat 1: Ardith_Sage mucked [4h 8s]
Seat 2: Van_Oregano mucked [6h Qs]
Seat 3: Hero mucked [Qd 7h]
Seat 4: Nichol_Ginger mucked [5s Tc]
Seat 5: Vinnie_Fennel (button) mucked [6d Js]
Seat 6: Kasie_Pumpkins (small blind) showed [Ad Jd] and won (3060) with two pair, Aces and Jacks
Seat 7: Emelda_Potatos (big blind) mucked [Td Ah]



PokerStars Hand #3661261701: Tournament #21391319, $20+$2 - Hold'em No Limit (30/60) - 2018/04/06 22:07:41
Table '#18' Seat #7 is the button
Seat 1: Alison_Wasabi (10,000 in chips)
Seat 2: Megan_Jicama (9,980 in chips)
Seat 3: Hero (10,000 in chips)
Seat 4: Carri_Spinach (10,020 in chips)
Seat 5: Kandi_Bilberry (10,000 in chips)
Seat 6: Chong_Lemon (10,000 in chips)
Seat 7: Cora_Alfalfa (11,559 in chips)
Seat 8: Sal_Parsley (13,340 in chips)
Sal_Parsley: posts small blind 30
Alison_Wasabi: posts big blind 60
*** HOLE CARDS ***
Dealt to Hero [5h Th]
UTG : Folds
UTG+1 [ME] : Folds
UTG+2 : Folds
UTG+3 : Folds
Chong_Lemon: raises 120 to 120
Cora_Alfalfa: calls 120 
Small Blind : Folds
Big Blind : Folds
*** FLOP *** [Jh 7h 8c]
Chong_Lemon: bets 60 
Cora_Alfalfa: calls 60 
*** TURN *** [Jh 7h 8c] [6d]
Chong_Lemon: bets 60 
Cora_Alfalfa: raises 222 to 222
UTG+4 : Folds
Uncalled bet (162) returned to Cora_Alfalfa
Cora_Alfalfa: doesn't show hand
Cora_Alfalfa collected 570 from pot
*** SUMMARY ***
Total pot 570 | Rake 0
Board [Jh 7h 8c 6d]
Seat 1: Alison_Wasabi (big blind) mucked [7s 6c]
Seat 2: Megan_Jicama mucked [Jc 4h]
Seat 3: Hero mucked [5h Th]
Seat 4: Carri_Spinach mucked [As 2h]
Seat 5: Kandi_Bilberry mucked [Kc Ts]
Seat 6: Chong_Lemon mucked [Ks 8d]
Seat 7: Cora_Alfalfa (button) showed [4c 5c] and won (570)
Seat 8: Sal_Parsley (small blind) mucked [2d 5d]



PokerStars Hand #3661262348: Tournament #21391319, $20+$2 - Hold'em No Limit (30/60) - 2018/04/06 22:08:41
Table '#18' Seat #9 is the button
Seat 1: Gianna_Marjoram (9,940 in chips)
Seat 2: Sallie_Olive (9,980 in chips)
Seat 3: Hero (10,000 in chips)
Seat 4: Evia_Onions (10,000 in chips)
Seat 5: Clara_Avocados (10,020 in chips)
Seat 6: Marvin_Soursop (10,000 in chips)
Seat 7: Daysi_Tubers (9,760 in chips)
Seat 8: Wynell_Soursop (11,889 in chips)
Seat 9: Art_Cayenne (13,310 in chips)
Gianna_Marjoram: posts small blind 30
Sallie_Olive: posts big blind 60
*** HOLE CARDS ***
Dealt to Hero [Ah Qs]
Hero: raises 180 to 180
UTG+1 : Folds
UTG+2 : Folds
UTG+3 : Folds
Daysi_Tubers: calls 180 
UTG+5 : Folds
Dealer : Folds
Gianna_Marjoram: calls 150 
Big Blind : Folds
*** FLOP *** [Qh 8d Jd]
Small Blind : Checks(timeout)
Hero: bets 400 
UTG+4 : Folds
Small Blind : Folds
Uncalled bet (400) returned to Hero
Hero: doesn't show hand
Hero collected 600 from pot
*** SUMMARY ***
Total pot 600 | Rake 0
Board [Qh 8d Jd]
Seat 1: Gianna_Marjoram (small blind) mucked [4s Ks]
Seat 2: Sallie_Olive (big blind) mucked [9h 2s]
Seat 3: Hero showed [Ah Qs] and won (600)
Seat 4: Evia_Onions mucked [Kh 2h]
Seat 5: Clara_Avocados mucked [2d 6d]
Seat 6: Marvin_Soursop mucked [Jc Tc]
Seat 7: Daysi_Tubers mucked [6h 4c]
Seat 8: Wynell_Soursop mucked [2c Th]
Seat 9: Art_Cayenne (button) mucked [Ts Kd]



PokerStars Hand #3661263420: Tournament #21391319, $20+$2 - Hold'em No Limit (30/60) - 2018/04/06 22:10:26
Table '#18' Seat #1 is the button
Seat 1: Lauran_Okra (9,760 in chips)
Seat 2: Sunni_Collard (9,920 in chips)
Seat 3: Hero (10,420 in chips)
Seat 4: Bruce_Jalapeño (10,000 in chips)
Seat 5: Kurt_Nettles (10,020 in chips)
Seat 6: Lindy_Honeydew (10,000 in chips)
Seat 7: Kyle_Leek (9,580 in chips)
Seat 8: Darin_Beets (11,889 in chips)
Seat 9: Alane_Rhubarb (13,310 in chips)
Sunni_Collard: posts small blind 30
Hero: posts big blind 60
*** HOLE CARDS ***
Dealt to Hero [8d 3h]
UTG : Folds
UTG+1 : Folds
UTG+2 : Folds
Kyle_Leek: calls 60 
Darin_Beets: raises 270 to 270
Alane_Rhubarb: calls 270 
Dealer : Folds
Small Blind : Folds
Big Blind [ME] : Folds
Kyle_Leek: calls 210 
*** FLOP *** [2c 8s 9d]
UTG+3 : Checks
Darin_Beets: bets 360 
Alane_Rhubarb: calls 360 
UTG+3 : Folds
*** TURN *** [2c 8s 9d] [7d]
Darin_Beets: bets 890 
UTG+5 : Folds
Uncalled bet (890) returned to Darin_Beets
Darin_Beets: doesn't show hand
Darin_Beets collected 1620 from pot
*** SUMMARY ***
Total pot 1620 | Rake 0
Board [2c 8s 9d 7d]
Seat 1: Lauran_Okra (button) mucked [5h 4c]
Seat 2: Sunni_Collard (small blind) mucked [7s Qs]
Seat 3: Hero (big blind) mucked [8d 3h]
Seat 4: Bruce_Jalapeño mucked [Ks 7h]
Seat 5: Kurt_Nettles mucked [4s 6d]
Seat 6: Lindy_Honeydew mucked [Qd 3c]
Seat 7: Kyle_Leek mucked [Kc 4h]
Seat 8: Darin_Beets showed [9h 9s] and won (1620)
Seat 9: Alane_Rhubarb mucked [Qh As]



PokerStars Hand #3661264773: Tournament #21391319, $20+$2 - Hold'em No Limit (30/60) - 2018/04/06 22:12:35
Table '#18' Seat #2 is the button
Seat 1: Breana_Ugli (9,760 in chips)
Seat 2: Mel_Parsley (9,890 in chips)
Seat 3: Hero (10,360 in chips)
Seat 4: Yael_Coconuts (10,000 in chips)
Seat 5: Karyl_Cilantro (10,020 in chips)
Seat 6: Earlie_Peach (10,000 in chips)
Seat 7: Elton_Tomatoes (9,310 in chips)
Seat 8: Sharon_Pears (12,879 in chips)
Seat 9: My_Squash (12,680 in chips)
Hero: posts small blind 30
Yael_Coconuts: posts big blind 60
*** HOLE CARDS ***
Dealt to Hero [3d 9c]
UTG : Folds
UTG+1 : Folds(timeout)
Elton_Tomatoes: raises 207 to 207
Sharon_Pears: calls 207 
UTG+4 : Folds
UTG+5 : Folds
Dealer : Folds
Small Blind [ME] : Folds
Big Blind : Folds
*** FLOP *** [5h Qd 4c]
Elton_Tomatoes: bets 254 
Sharon_Pears: calls 254 
*** TURN *** [5h Qd 4c] [7d]
Elton_Tomatoes: bets 509 
Sharon_Pears: calls 509 
*** RIVER *** [5h Qd 4c 7d] [Ks]
UTG+2 : Checks
UTG+3 : Checks
*** SHOW DOWN ***
Elton_Tomatoes: shows [Td Ac] (high card Ace)
Sharon_Pears: shows [Qh Jh] (a pair of Queens)
Sharon_Pears collected 2030 from pot
*** SUMMARY ***
Total pot 2030 | Rake 0
Board [5h Qd 4c 7d Ks]
Seat 1: Breana_Ugli mucked [Qc 5s]
Seat 2: Mel_Parsley (button) mucked [6d Jc]
Seat 3: Hero (small blind) mucked [3d 9c]
Seat 4: Yael_Coconuts (big blind) mucked [As 4d]
Seat 5: Karyl_Cilantro mucked [Qs 9h]
Seat 6: Earlie_Peach mucked [7h 6s]
Seat 7: Elton_Tomatoes showed [Td Ac] and lost with high card Ace
Seat 8: Sharon_Pears showed [Qh Jh] and won (2030) with a pair of Queens
Seat 9: My_Squash mucked [6h 2h]



PokerStars Hand #3661265930: Tournament #21391319, $20+$2 - Hold'em No Limit (30/60) - 2018/04/06 22:14:23
Table '#18' Seat #3 is the button
Seat 1: Bonita_Rosemary (9,760 in chips)
Seat 2: Tifany_Nettles (9,890 in chips)
Seat 3: Hero (10,330 in chips)
Seat 4: Sophie_Yams (9,940 in chips)
Seat 5: Mel_Caraway (10,020 in chips)
Seat 6: Enoch_Avocados (10,000 in chips)
Seat 7: Layne_Leek (8,340 in chips)
Seat 8: Ivory_Raisins (13,939 in chips)
Seat 9: Rex_Pomelo (12,680 in chips)
Sophie_Yams: posts small blind 30
Mel_Caraway: posts big blind 60
*** HOLE CARDS ***
Dealt to Hero [6s Ks]
UTG : Folds(timeout)
Layne_Leek: raises 320 to 320
Ivory_Raisins: raises 818 to 818
UTG+3 : Folds
Bonita_Rosemary: calls 818 
UTG+5 : Folds
Dealer [ME] : Folds
Small Blind : Folds
Big Blind : Folds
Layne_Leek: calls 498 
*** FLOP *** [4c 6h 7h]
Layne_Leek: bets 60 
Ivory_Raisins: raises 1418 to 1418
UTG+4 : Folds
UTG+1 : Folds
Uncalled bet (1358) returned to Ivory_Raisins
Ivory_Raisins: doesn't show hand
Ivory_Raisins collected 2664 from pot
*** SUMMARY ***
Total pot 2664 | Rake 0
Board [4c 6h 7h]
Seat 1: Bonita_Rosemary mucked [8d Ac]
Seat 2: Tifany_Nettles mucked [4d 7s]
Seat 3: Hero (button) mucked [6s Ks]
Seat 4: Sophie_Yams (small blind) mucked [Td 9d]
Seat 5: Mel_Caraway (big blind) mucked [6d 2c]
Seat 6: Enoch_Avocados mucked [Jc 2h]
Seat 7: Layne_Leek mucked [Jd Kd]
Seat 8: Ivory_Raisins showed [Qd Qh] and won (2664)
Seat 9: Rex_Pomelo mucked [Ts 6c]



PokerStars Hand #3661267605: Tournament #21391319, $20+$2 - Hold'em No Limit (40/80) - 2018/04/06 22:16:56
Table '#18' Seat #4 is the button
Seat 1: Verlie_Kiwi (8,942 in chips)
Seat 2: Aaron_Cilantro (9,890 in chips)
Seat 3: Hero (10,330 in chips)
Seat 4: Lisa_Apricots (9,910 in chips)
Seat 5: Mitch_Soy (9,960 in chips)
Seat 6: Garry_Fennel (10,000 in chips)
Seat 7: Carole_Lemon (7,462 in chips)
Seat 8: Carly_Nettles (15,725 in chips)
Seat 9: Shelby_Juniper (12,680 in chips)
Mitch_Soy: posts small blind 40
Garry_Fennel: posts big blind 80
*** HOLE CARDS ***
Dealt to Hero [Ts 4s]
Carole_Lemon: calls 80 
UTG+1 : Folds
Shelby_Juniper: calls 80 
UTG+3 : Folds
UTG+4 : Folds
UTG+5 [ME] : Folds
Dealer : Folds
Mitch_Soy: calls 40 
Big Blind : Folds
*** FLOP *** [5c 5d Qh]
Small Blind : Checks
UTG : Checks
UTG+2 : Checks
*** TURN *** [5c 5d Qh] [Ac]
Small Blind : Checks
Carole_Lemon: bets 80 
UTG+2 : Folds
Small Blind : Folds
Uncalled bet (80) returned to Carole_Lemon
Carole_Lemon: doesn't show hand
Carole_Lemon collected 320 from pot
*** SUMMARY ***
Total pot 320 | Rake 0
Board [5c 5d Qh Ac]
Seat 1: Verlie_Kiwi mucked [7d 6c]
Seat 2: Aaron_Cilantro mucked [9h Jd]
Seat 3: Hero mucked [Ts 4s]
Seat 4: Lisa_Apricots (button) mucked [Qc 5s]
Seat 5: Mitch_Soy (small blind) mucked [Kd 8c]
Seat 6: Garry_Fennel (big blind) mucked [8d Ks]
Seat 7: Carole_Lemon showed [5h Js] and won (320)
Seat 8: Carly_Nettles mucked [3d 4d]
Seat 9: Shelby_Juniper mucked [2c 2d]



PokerStars Hand #3661268213: Tournament #21391319, $20+$2 - Hold'em No Limit (40/80) - 2018/04/06 22:17:50
Table '#18' Seat #5 is the button
Seat 1: Elenor_Papaya (8,942 in chips)
Seat 2: Wai_Cherry (9,890 in chips)
Seat 3: Hero (10,330 in chips)
Seat 4: Dong_Kale (9,910 in chips)
Seat 5: Etha_Turnips (9,880 in chips)
Seat 6: Odell_Jalapeño (9,920 in chips)
Seat 7: Jerri_Olive (7,702 in chips)
Seat 8: Trudy_Lentils (15,725 in chips)
Seat 9: Neoma_Garlic (12,600 in chips)
Odell_Jalapeño: posts small blind 40
Jerri_Olive: posts big blind 80
*** HOLE CARDS ***
Dealt to Hero [4h Qc]
UTG : Folds
UTG+1 : Folds
Elenor_Papaya: calls 80 
UTG+3 : Folds
UTG+4 [ME] : Folds
UTG+5 : Folds
Etha_Turnips: calls 80 
Small Blind : Folds
Big Blind : Checks
*** FLOP *** [Ah 6c 7c]
Jerri_Olive: bets 359 
Elenor_Papaya: calls 359 
Dealer : Folds
*** TURN *** [Ah 6c 7c] [Qh]
Jerri_Olive: bets 486 
Elenor_Papaya: raises 1640 to 1640
Big Blind : Folds
*** SHOW DOWN ***
Elenor_Papaya: shows [As 7h] (two pair, Aces and Sevens)
Uncalled bet (1154) returned to Elenor_Papaya
Elenor_Papaya collected 1970 from pot
*** SUMMARY ***
Total pot 1970 | Rake 0
Board [Ah 6c 7c Qh]
Seat 1: Elenor_Papaya showed [As 7h] and won (1970) with two pair, Aces and Sevens
Seat 2: Wai_Cherry mucked [6h 4d]
Seat 3: Hero mucked [4h Qc]
Seat 4: Dong_Kale mucked [3c 8h]
Seat 5: Etha_Turnips (button) mucked [Td Kd]
Seat 6: Odell_Jalapeño (small blind) mucked [3s 8s]
Seat 7: Jerri_Olive (big blind) mucked [2d Ac]
Seat 8: Trudy_Lentils mucked [Ad 2c]
Seat 9: Neoma_Garlic mucked [7s 4c]



PokerStars Hand #3661268828: Tournament #21391319, $20+$2 - Hold'em No Limit (40/80) - 2018/04/06 22:18:47
Table '#18' Seat #6 is the button
Seat 1: Divina_Dates (9,987 in chips)
Seat 2: Nadene_Pumpkins (9,890 in chips)
Seat 3: Hero (10,330 in chips)
Seat 4: Elmira_Radish (9,910 in chips)
Seat 5: Jospeh_Sage (9,800 in chips)
Seat 6: Tammi_Tat Soi (9,880 in chips)
Seat 7: Cammie_Daikon (6,777 in chips)
Seat 8: Janise_Beets (15,725 in chips)
Seat 9: Kallie_Chives (12,600 in chips)
Cammie_Daikon: posts small blind 40
Janise_Beets: posts big blind 80
*** HOLE CARDS ***
Dealt to Hero [5d 4c]
UTG : Folds
UTG+1 : Folds
UTG+2 : Folds
UTG+3 [ME] : Folds
Elmira_Radish: raises 280 to 280
UTG+5 : Folds
Dealer : Folds
Cammie_Daikon: calls 240 
Janise_Beets: raises 1040 to 1120
Elmira_Radish: calls 840 
Cammie_Daikon: calls 840 
*** FLOP *** [As 2c Kh]
Cammie_Daikon: bets 80 
Janise_Beets: calls 80 
Elmira_Radish: calls 80 
*** TURN *** [As 2c Kh] [Jc]
Cammie_Daikon: bets 478 
Big Blind : Folds
Elmira_Radish: calls 478 
*** RIVER *** [As 2c Kh Jc] [2d]
Cammie_Daikon: bets 1401 
UTG+4 : Folds
Uncalled bet (1401) returned to Cammie_Daikon
Cammie_Daikon: doesn't show hand
Cammie_Daikon collected 4556 from pot
*** SUMMARY ***
Total pot 4556 | Rake 0
Board [As 2c Kh Jc 2d]
Seat 1: Divina_Dates mucked [4d 9d]
Seat 2: Nadene_Pumpkins mucked [8c Th]
Seat 3: Hero mucked [5d 4c]
Seat 4: Elmira_Radish mucked [Qc 9c]
Seat 5: Jospeh_Sage mucked [Kc 8h]
Seat 6: Tammi_Tat Soi (button) mucked [5c 8s]
Seat 7: Cammie_Daikon (small blind) showed [Ks 6c] and won (4556)
Seat 8: Janise_Beets (big blind) mucked [Ts Td]
Seat 9: Kallie_Chives mucked [2s Js]



PokerStars Hand #3661269645: Tournament #21391319, $20+$2 - Hold'em No Limit (40/80) - 2018/04/06 22:19:59
Table '#18' Seat #7 is the button
Seat 1: Aleta_Pinto (9,987 in chips)
Seat 2: Walter_Beets (9,890 in chips)
Seat 3: Hero (10,330 in chips)
Seat 4: Zandra_Soy (8,232 in chips)
Seat 5: Deon_Pears (9,800 in chips)
Seat 6: Jami_Celeriac (9,880 in chips)
Seat 7: Leon_Parsley (9,655 in chips)
Seat 8: Joie_Quince (14,525 in chips)
Seat 9: Bennie_Dill (12,600 in chips)
Joie_Quince: posts small blind 40
Bennie_Dill: posts big blind 80
*** HOLE CARDS ***
Dealt to Hero [9c 8c]
Aleta_Pinto: calls 80 
UTG+1 : Folds
Hero: raises 320 to 320
UTG+3 : Folds
UTG+4 : Folds
UTG+5 : Folds
Leon_Parsley: calls 320 
Small Blind : Folds
Big Blind : Folds
Aleta_Pinto: calls 240 
*** FLOP *** [Ts 6s Jd]
UTG : Checks
UTG+2 [ME] : Checks
Dealer : Checks
*** TURN *** [Ts 6s Jd] [5h]
UTG : Checks
UTG+2 [ME] : Checks
Dealer : Checks
*** RIVER *** [Ts 6s Jd 5h] [Ks]
UTG : Checks
UTG+2 [ME] : Checks
Dealer : Checks
*** SHOW DOWN ***
Aleta_Pinto: shows [2s Ac] (high card Ace)
Hero: Mucks [9c 8c] (High Card)
Leon_Parsley: shows [9h Kh] (a pair of Kings)
Leon_Parsley collected 1080 from pot
*** SUMMARY ***
Total pot 1080 | Rake 0
Board [Ts 6s Jd 5h Ks]
Seat 1: Aleta_Pinto showed [2s Ac] and lost with high card Ace
Seat 2: Walter_Beets mucked [4s Jh]
Seat 3: Hero mucked [9c 8c]
Seat 4: Zandra_Soy mucked [8d Tc]
Seat 5: Deon_Pears mucked [5d 9d]
Seat 6: Jami_Celeriac mucked [7s Th]
Seat 7: Leon_Parsley (button) showed [9h Kh] and won (1080) with a pair of Kings
Seat 8: Joie_Quince (small blind) mucked [5c 4d]
Seat 9: Bennie_Dill (big blind) mucked [7d Qd]



PokerStars Hand #3661271006: Tournament #21391319, $20+$2 - Hold'em No Limit (40/80) - 2018/04/06 22:22:02
Table '#18' Seat #8 is the button
Seat 1: Laine_Melon (9,667 in chips)
Seat 2: Samual_Habanero (9,890 in chips)
Seat 3: Hero (10,010 in chips)
Seat 4: Signe_Yams (8,232 in chips)
Seat 5: Santa_Figs (9,800 in chips)
Seat 6: Elvia_Pinto (9,880 in chips)
Seat 7: Glenna_Potatos (10,415 in chips)
Seat 8: Randy_Figs (14,485 in chips)
Seat 9: Karen_Olive (12,520 in chips)
Karen_Olive: posts small blind 40
Laine_Melon: posts big blind 80
*** HOLE CARDS ***
Dealt to Hero [As 2c]
UTG : Folds
UTG+1 [ME] : Folds
UTG+2 : Folds
UTG+3 : Folds
UTG+4 : Folds
Glenna_Potatos: calls 80 
Dealer : Folds
Small Blind : Folds
Big Blind : Checks
*** FLOP *** [Js Th 6d]
Big Blind : Checks
UTG+5 : Checks
*** TURN *** [Js Th 6d] [Ah]
Big Blind : Checks
UTG+5 : Checks
*** RIVER *** [Js Th 6d Ah] [4c]
Big Blind : Checks
UTG+5 : Checks
*** SHOW DOWN ***
Laine_Melon: shows [3d 8h] (high card Ace)
Glenna_Potatos: Mucks [7d 2s] (High Card)
Laine_Melon collected 200 from pot
*** SUMMARY ***
Total pot 200 | Rake 0
Board [Js Th 6d Ah 4c]
Seat 1: Laine_Melon (big blind) showed [3d 8h] and won (200) with high card Ace
Seat 2: Samual_Habanero mucked [Jh Qd]
Seat 3: Hero mucked [As 2c]
Seat 4: Signe_Yams mucked [Ts 3s]
Seat 5: Santa_Figs mucked [7c 4s]
Seat 6: Elvia_Pinto mucked [Ad Qs]
Seat 7: Glenna_Potatos mucked [7d 2s]
Seat 8: Randy_Figs (button) mucked [2d 3c]
Seat 9: Karen_Olive (small blind) mucked [3h 9d]



PokerStars Hand #3661271715: Tournament #21391319, $20+$2 - Hold'em No Limit (40/80) - 2018/04/06 22:23:05
Table '#18' Seat #9 is the button
Seat 1: Sueann_Rosemary (9,787 in chips)
Seat 2: Inga_Daikon (9,890 in chips)
Seat 3: Hero (10,010 in chips)
Seat 4: Ashton_Chives (8,232 in chips)
Seat 5: Andrea_Goji (9,800 in chips)
Seat 6: Ayana_Cucumber (9,880 in chips)
Seat 7: Loyce_Carrots (10,335 in chips)
Seat 8: Muoi_Beans (14,485 in chips)
Seat 9: Zack_Fennel (12,480 in chips)
Sueann_Rosemary: posts small blind 40
Inga_Daikon: posts big blind 80
*** HOLE CARDS ***
Dealt to Hero [Ts 8s]
Hero: raises 180 to 180
Ashton_Chives: calls 180 
Andrea_Goji: calls 180 
UTG+3 : Folds
UTG+4 : Folds(timeout)
Muoi_Beans: calls 180 
Dealer : Folds
Small Blind : Folds
Inga_Daikon: calls 100 
*** FLOP *** [9h Qc 6s]
Big Blind : Checks
Hero: bets 500 
Ashton_Chives: raises 1000 to 1000
UTG+2 : Folds
UTG+5 : Folds
Inga_Daikon: raises 2500 to 2500
UTG [ME] : Folds
Ashton_Chives: raises 7052 to 8052 and is all-in
Inga_Daikon: calls 5552 
*** TURN *** [9h Qc 6s] [5h]
*** RIVER *** [9h Qc 6s 5h] [Kc]
*** SHOW DOWN ***
Inga_Daikon: shows [9d 6d] (two pair, Nines and Sixes)
Ashton_Chives: shows [Js Jc] (a pair of Jacks)
Inga_Daikon collected 17544 from pot
Ashton_Chives finished the tournament in 102nd place
*** SUMMARY ***
Total pot 17544 | Rake 0
Board [9h Qc 6s 5h Kc]
Seat 1: Sueann_Rosemary (small blind) mucked [8d 3c]
Seat 2: Inga_Daikon (big blind) showed [9d 6d] and won (17544) with two pair, Nines and Sixes
Seat 3: Hero mucked [Ts 8s]
Seat 4: Ashton_Chives showed [Js Jc] and lost with a pair of Jacks
Seat 5: Andrea_Goji mucked [Tc Ah]
Seat 6: Ayana_Cucumber mucked [4h Ks]
Seat 7: Loyce_Carrots mucked [3h 5c]
Seat 8: Muoi_Beans mucked [9s 8c]
Seat 9: Zack_Fennel (button) mucked [2c 5s]



PokerStars Hand #3661273462: Tournament #21391319, $20+$2 - Hold'em No Limit (50/100) - 2018/04/06 22:25:44
Table '#18' Seat #1 is the button
Seat 1: Larae_Lavender (9,747 in chips)
Seat 2: Ngoc_Beans (19,202 in chips)
Seat 3: Hero (9,330 in chips)
Seat 4: Caryl_Olive (9,620 in chips)
Seat 5: Jolynn_Arugula (9,880 in chips)
Seat 6: Erwin_Ugli (10,335 in chips)
Seat 7: Dessie_Chili (14,305 in chips)
Seat 8: Alease_Nettles (12,480 in chips)
Ngoc_Beans: posts small blind 50
Hero: posts big blind 100
*** HOLE CARDS ***
Dealt to Hero [3d 8c]
UTG : Folds
UTG+1 : Folds
UTG+2 : Folds
UTG+3 : Folds
UTG+4 : Folds
Larae_Lavender: calls 100 
Ngoc_Beans: calls 50 
Big Blind [ME] : Checks
*** FLOP *** [Ks Ah Qs]
Ngoc_Beans: bets 150 
Big Blind [ME] : Folds
Larae_Lavender: calls 150 
*** TURN *** [Ks Ah Qs] [4c]
Small Blind : Checks
Dealer : Checks
*** RIVER *** [Ks Ah Qs 4c] [9d]
Ngoc_Beans: bets 150 
Dealer : Folds
Uncalled bet (150) returned to Ngoc_Beans
Ngoc_Beans: doesn't show hand
Ngoc_Beans collected 600 from pot
*** SUMMARY ***
Total pot 600 | Rake 0
Board [Ks Ah Qs 4c 9d]
Seat 1: Larae_Lavender (button) mucked [Js 6s]
Seat 2: Ngoc_Beans (small blind) showed [Jh Ad] and won (600)
Seat 3: Hero (big blind) mucked [3d 8c]
Seat 4: Caryl_Olive mucked [Jc 3c]
Seat 5: Jolynn_Arugula mucked [Qd 6d]
Seat 6: Erwin_Ugli mucked [Td 6h]
Seat 7: Dessie_Chili mucked [8s 2c]
Seat 8: Alease_Nettles mucked [9h 4h]



PokerStars Hand #3661274519: Tournament #21391319, $20+$2 - Hold'em No Limit (50/100) - 2018/04/06 22:27:17
Table '#18' Seat #2 is the button
Seat 1: Junior_Chives (9,497 in chips)
Seat 2: Odis_Apples (19,552 in chips)
Seat 3: Hero (9,230 in chips)
Seat 4: Tonya_Avocados (9,620 in chips)
Seat 5: Mirtha_Parnsip (9,880 in chips)
Seat 6: Kallie_Orange (10,335 in chips)
Seat 7: Eda_Satsuma (14,305 in chips)
Seat 8: Hoa_Goji (12,480 in chips)
Hero: posts small blind 50
Tonya_Avocados: posts big blind 100
*** HOLE CARDS ***
Dealt to Hero [Qs 7c]
UTG : Folds
Kallie_Orange: raises 200 to 200
UTG+2 : Folds
UTG+3 : Folds
Junior_Chives: calls 200 
Dealer : Folds
Small Blind [ME] : Folds
Tonya_Avocados: calls 100 
*** FLOP *** [4s 5h Ks]
Big Blind : Checks
Kallie_Orange: bets 797 
UTG+4 : Folds
Tonya_Avocados: calls 797 
*** TURN *** [4s 5h Ks] [7d]
Big Blind : Checks
Kallie_Orange: bets 930 
Tonya_Avocados: calls 930 
*** RIVER *** [4s 5h Ks 7d] [Ah]
Big Blind : Checks
UTG+1 : Checks
*** SHOW DOWN ***
Tonya_Avocados: shows [2h Kh] (a pair of Kings)
Kallie_Orange: shows [Jh Kc] (a pair of Kings)
Kallie_Orange collected 4104 from pot
*** SUMMARY ***
Total pot 4104 | Rake 0
Board [4s 5h Ks 7d Ah]
Seat 1: Junior_Chives mucked [Qc Ts]
Seat 2: Odis_Apples (button) mucked [3c 9d]
Seat 3: Hero (small blind) mucked [Qs 7c]
Seat 4: Tonya_Avocados (big blind) showed [2h Kh] and lost with a pair of Kings
Seat 5: Mirtha_Parnsip mucked [9c 8c]
Seat 6: Kallie_Orange showed [Jh Kc] and won (4104) with a pair of Kings
Seat 7: Eda_Satsuma mucked [5s 4d]
Seat 8: Hoa_Goji mucked [2c 3d]



PokerStars Hand #3661275691: Tournament #21391319, $20+$2 - Hold'em No Limit (50/100) - 2018/04/06 22:29:02
Table '#18' Seat #3 is the button
Seat 1: Carmen_Apples (9,297 in chips)
Seat 2: Leila_Anise (19,552 in chips)
Seat 3: Hero (9,180 in chips)
Seat 4: Thelma_Cayenne (7,693 in chips)
Seat 5: Susie_Parnsip (9,880 in chips)
Seat 6: Morton_Kale (12,512 in chips)
Seat 7: Bert_Pumpkins (14,305 in chips)
Seat 8: Ping_Parsley (12,480 in chips)
Thelma_Cayenne: posts small blind 50
Susie_Parnsip: posts big blind 100
*** HOLE CARDS ***
Dealt to Hero [8s 5d]
Morton_Kale: calls 100 
Bert_Pumpkins: raises 400 to 400
UTG+2 : Folds
Carmen_Apples: calls 400 
UTG+4 : Folds
Dealer [ME] : Folds
Small Blind : Folds
Big Blind : Folds
Morton_Kale: calls 300 
*** FLOP *** [9s 2s 6s]
Morton_Kale: bets 538 
UTG+1 : Folds
Carmen_Apples: calls 538 
*** TURN *** [9s 2s 6s] [7d]
Morton_Kale: bets 1143 
Carmen_Apples: calls 1143 
*** RIVER *** [9s 2s 6s 7d] [3h]
Morton_Kale: bets 1554 
Carmen_Apples: calls 1554 
*** SHOW DOWN ***
Morton_Kale: shows [4h 9h] (a pair of Nines)
Carmen_Apples: shows [Kc 9c] (a pair of Nines)
Carmen_Apples collected 7820 from pot
*** SUMMARY ***
Total pot 7820 | Rake 0
Board [9s 2s 6s 7d 3h]
Seat 1: Carmen_Apples showed [Kc 9c] and won (7820) with a pair of Nines
Seat 2: Leila_Anise mucked [Qs Th]
Seat 3: Hero (button) mucked [8s 5d]
Seat 4: Thelma_Cayenne (small blind) mucked [5h 2d]
Seat 5: Susie_Parnsip (big blind) mucked [Qc Jc]
Seat 6: Morton_Kale showed [4h 9h] and lost with a pair of Nines
Seat 7: Bert_Pumpkins mucked [Kd Jh]
Seat 8: Ping_Parsley mucked [Ks 8c]



PokerStars Hand #3661276545: Tournament #21391319, $20+$2 - Hold'em No Limit (50/100) - 2018/04/06 22:30:20
Table '#18' Seat #4 is the button
Seat 1: Pennie_Cherry (13,482 in chips)
Seat 2: Peggy_Oregano (19,552 in chips)
Seat 3: Hero (9,180 in chips)
Seat 4: Breann_Sage (7,643 in chips)
Seat 5: Teisha_Parnsip (9,780 in chips)
Seat 6: Jina_Wasabi (8,877 in chips)
Seat 7: Enda_Potatos (13,905 in chips)
Seat 8: Emmy_Tamarind (12,480 in chips)
Teisha_Parnsip: posts small blind 50
Jina_Wasabi: posts big blind 100
*** HOLE CARDS ***
Dealt to Hero [7s 4s]
UTG : Folds
UTG+1 : Folds
UTG+2 : Folds
Peggy_Oregano: raises 300 to 300
UTG+4 [ME] : Folds
Breann_Sage: calls 300 
Small Blind : Folds
Big Blind : Folds
*** FLOP *** [Jc Td 7h]
Peggy_Oregano: bets 300 
Breann_Sage: calls 300 
*** TURN *** [Jc Td 7h] [As]
UTG+3 : Checks
Dealer : Checks
*** RIVER *** [Jc Td 7h As] [Jh]
Peggy_Oregano: bets 420 
Breann_Sage: calls 420 
*** SHOW DOWN ***
Peggy_Oregano: shows [Kc Qs] (a straight, Ten to Ace)
Breann_Sage: Mucks [Tc Kh] (Two pair)
Peggy_Oregano collected 2190 from pot
*** SUMMARY ***
Total pot 2190 | Rake 0
Board [Jc Td 7h As Jh]
Seat 1: Pennie_Cherry mucked [3s 9s]
Seat 2: Peggy_Oregano showed [Kc Qs] and won (2190) with a straight, Ten to Ace
Seat 3: Hero mucked [7s 4s]
Seat 4: Breann_Sage (button) mucked [Tc Kh]
Seat 5: Teisha_Parnsip (small blind) mucked [Qc 4d]
Seat 6: Jina_Wasabi (big blind) mucked [9c 5h]
Seat 7: Enda_Potatos mucked [Th Jd]
Seat 8: Emmy_Tamarind mucked [5c 8d]



PokerStars Hand #3661277240: Tournament #21391319, $20+$2 - Hold'em No Limit (50/100) - 2018/04/06 22:31:23
Table '#18' Seat #5 is the button
Seat 1: Anglea_Pomelo (13,482 in chips)
Seat 2: Mary_Tomatoes (20,722 in chips)
Seat 3: Hero (9,180 in chips)
Seat 4: Janet_Lentils (6,623 in chips)
Seat 5: Keli_Prunes (9,730 in chips)
Seat 6: India_Olive (8,777 in chips)
Seat 7: Liana_Rutabaga (13,905 in chips)
Seat 8: Aubrey_Fennel (12,480 in chips)
India_Olive: posts small blind 50
Liana_Rutabaga: posts big blind 100
*** HOLE CARDS ***
Dealt to Hero [8c Ks]
UTG : Folds
UTG+1 : Folds(timeout)
UTG+2 : Folds
UTG+3 [ME] : Folds
UTG+4 : Folds
Dealer : Folds
Small Blind : Folds
Liana_Rutabaga: doesn't show hand
Uncalled bet (100) returned to Liana_Rutabaga
Liana_Rutabaga collected 50 from pot
*** SUMMARY ***
Total pot 50 | Rake 0
Seat 1: Anglea_Pomelo mucked [Ah Kh]
Seat 2: Mary_Tomatoes mucked [4s Qd]
Seat 3: Hero mucked [8c Ks]
Seat 4: Janet_Lentils mucked [6s 4h]
Seat 5: Keli_Prunes (button) mucked [Qs 5c]
Seat 6: India_Olive (small blind) mucked [2c 7d]
Seat 7: Liana_Rutabaga (big blind) showed [Jc Qh] and won (50)
Seat 8: Aubrey_Fennel mucked [Kc 2h]



PokerStars Hand #3661277747: Tournament #21391319, $20+$2 - Hold'em No Limit (50/100) - 2018/04/06 22:32:11
Table '#18' Seat #6 is the button
Seat 1: Erin_Tabasco (13,482 in chips)
Seat 2: Justin_Tat Soi (20,722 in chips)
Seat 3: Hero (9,180 in chips)
Seat 4: Albina_Lavender (6,623 in chips)
Seat 5: Lou_Ginger (9,730 in chips)
Seat 6: Kitty_Tamarind (8,727 in chips)
Seat 7: Nancey_Olive (13,955 in chips)
Seat 8: Kera_Fennel (12,480 in chips)
Nancey_Olive: posts small blind 50
Kera_Fennel: posts big blind 100
*** HOLE CARDS ***
Dealt to Hero [As Jh]
UTG : Folds
UTG+1 : Folds
Hero: raises 300 to 300
UTG+3 : Folds
UTG+4 : Folds
Dealer : Folds
Nancey_Olive: calls 250 
Big Blind : Folds
*** FLOP *** [5h 5d 7c]
Small Blind : Checks
UTG+2 [ME] : Checks
*** TURN *** [5h 5d 7c] [6c]
Nancey_Olive: bets 300 
Hero: calls 300 
*** RIVER *** [5h 5d 7c 6c] [4h]
Nancey_Olive: bets 1000 
UTG+2 [ME] : Folds
Uncalled bet (1000) returned to Nancey_Olive
Nancey_Olive: doesn't show hand
Nancey_Olive collected 1300 from pot
*** SUMMARY ***
Total pot 1300 | Rake 0
Board [5h 5d 7c 6c 4h]
Seat 1: Erin_Tabasco mucked [9h Kc]
Seat 2: Justin_Tat Soi mucked [3h 7s]
Seat 3: Hero mucked [As Jh]
Seat 4: Albina_Lavender mucked [4c 6s]
Seat 5: Lou_Ginger mucked [9d 4s]
Seat 6: Kitty_Tamarind (button) mucked [Qs 2d]
Seat 7: Nancey_Olive (small blind) showed [Ts Ad] and won (1300)
Seat 8: Kera_Fennel (big blind) mucked [Ks Th]



PokerStars Hand #3661278554: Tournament #21391319, $20+$2 - Hold'em No Limit (50/100) - 2018/04/06 22:33:26
Table '#18' Seat #7 is the button
Seat 1: Ciara_Wasabi (13,482 in chips)
Seat 2: Ryan_Zuchinis (20,722 in chips)
Seat 3: Hero (8,580 in chips)
Seat 4: Anissa_Zuchinis (6,623 in chips)
Seat 5: Maren_Olive (9,730 in chips)
Seat 6: Opal_Parnsip (8,727 in chips)
Seat 7: Shiela_Plum (14,655 in chips)
Seat 8: Sade_Dill (12,380 in chips)
Sade_Dill: posts small blind 50
Ciara_Wasabi: posts big blind 100
*** HOLE CARDS ***
Dealt to Hero [9d 4s]
UTG : Folds
UTG+1 [ME] : Folds
UTG+2 : Folds
UTG+3 : Folds(timeout)
Opal_Parnsip: calls 100 
Shiela_Plum: calls 100 
Small Blind : Folds
Big Blind : Folds
*** FLOP *** [9h 5d 9c]
Opal_Parnsip: bets 100 
Shiela_Plum: calls 100 
*** TURN *** [9h 5d 9c] [6h]
Opal_Parnsip: bets 100 
Shiela_Plum: raises 500 to 500
UTG+4 : Folds
Uncalled bet (400) returned to Shiela_Plum
Shiela_Plum: doesn't show hand
Shiela_Plum collected 750 from pot
*** SUMMARY ***
Total pot 750 | Rake 0
Board [9h 5d 9c 6h]
Seat 1: Ciara_Wasabi (big blind) mucked [Ad Qs]
Seat 2: Ryan_Zuchinis mucked [7c As]
Seat 3: Hero mucked [9d 4s]
Seat 4: Anissa_Zuchinis mucked [Ah 2d]
Seat 5: Maren_Olive mucked [Js Jh]
Seat 6: Opal_Parnsip mucked [8d Jc]
Seat 7: Shiela_Plum (button) showed [8c 9s] and won (750)
Seat 8: Sade_Dill (small blind) mucked [3d Jd]



PokerStars Hand #3661279293: Tournament #21391319, $20+$2 - Hold'em No Limit (50/100) - 2018/04/06 22:34:32
Table '#18' Seat #9 is the button
Seat 1: Ferne_Fennel (13,382 in chips)
Seat 2: Gail_Jalapeño (20,722 in chips)
Seat 3: Hero (8,580 in chips)
Seat 4: Terry_Bok Choy (10,000 in chips)
Seat 5: Albina_Pumpkins (6,623 in chips)
Seat 6: Nola_Jicama (9,730 in chips)
Seat 7: Adella_Habanero (8,427 in chips)
Seat 8: Cherri_Peach (15,105 in chips)
Seat 9: Barbar_Collard (12,330 in chips)
Ferne_Fennel: posts small blind 50
Gail_Jalapeño: posts big blind 100
*** HOLE CARDS ***
Dealt to Hero [6c Ah]
UTG [ME] : Folds
UTG+1 : Folds
Albina_Pumpkins: raises 300 to 300
UTG+3 : Folds
Adella_Habanero: calls 300 
UTG+5 : Folds
Dealer : Folds
Small Blind : Folds
Big Blind : Folds
*** FLOP *** [As Kh Jc]
Albina_Pumpkins: bets 200 
UTG+4 : Folds
Uncalled bet (200) returned to Albina_Pumpkins
Albina_Pumpkins: doesn't show hand
Albina_Pumpkins collected 750 from pot
*** SUMMARY ***
Total pot 750 | Rake 0
Board [As Kh Jc]
Seat 1: Ferne_Fennel (small blind) mucked [3h 9s]
Seat 2: Gail_Jalapeño (big blind) mucked [3s Js]
Seat 3: Hero mucked [6c Ah]
Seat 4: Terry_Bok Choy mucked [5s Td]
Seat 5: Albina_Pumpkins showed [Ad Ks] and won (750)
Seat 6: Nola_Jicama mucked [8d 6s]
Seat 7: Adella_Habanero mucked [5c 4s]
Seat 8: Cherri_Peach mucked [2s Ac]
Seat 9: Barbar_Collard (button) mucked [8s 9d]



PokerStars Hand #3661280038: Tournament #21391319, $20+$2 - Hold'em No Limit (75/150) - 2018/04/06 22:35:35
Table '#18' Seat #1 is the button
Seat 1: Jami_Quince (13,332 in chips)
Seat 2: Delpha_Jalapeño (20,622 in chips)
Seat 3: Hero (8,580 in chips)
Seat 4: Zetta_Shallot (10,000 in chips)
Seat 5: Chas_Spinach (7,073 in chips)
Seat 6: Carly_Shallot (9,730 in chips)
Seat 7: Dick_Kohlrabi (8,127 in chips)
Seat 8: Denna_Cilantro (15,105 in chips)
Seat 9: Twyla_Nettles (12,330 in chips)
Delpha_Jalapeño: posts small blind 75
Hero: posts big blind 150
*** HOLE CARDS ***
Dealt to Hero [Qs 7d]
UTG : Folds
Chas_Spinach: raises 450 to 450
UTG+2 : Folds
UTG+3 : Folds
UTG+4 : Folds
UTG+5 : Folds
Dealer : Folds
Small Blind : Folds
Big Blind [ME] : Folds
Uncalled bet (300) returned to Chas_Spinach
Chas_Spinach: doesn't show hand
Chas_Spinach collected 375 from pot
*** SUMMARY ***
Total pot 375 | Rake 0
Seat 1: Jami_Quince (button) mucked [5c 8h]
Seat 2: Delpha_Jalapeño (small blind) mucked [4c 9s]
Seat 3: Hero (big blind) mucked [Qs 7d]
Seat 4: Zetta_Shallot mucked [Qd 2s]
Seat 5: Chas_Spinach showed [Ac 9h] and won (375)
Seat 6: Carly_Shallot mucked [Jd 8s]
Seat 7: Dick_Kohlrabi mucked [4s Kh]
Seat 8: Denna_Cilantro mucked [Ks 3s]
Seat 9: Twyla_Nettles mucked [3d 4d]



PokerStars Hand #3661280543: Tournament #21391319, $20+$2 - Hold'em No Limit (75/150) - 2018/04/06 22:36:20
Table '#18' Seat #2 is the button
Seat 1: Odilia_Rhubarb (13,332 in chips)
Seat 2: Shandi_Rutabaga (20,547 in chips)
Seat 3: Hero (8,430 in chips)
Seat 4: Sharen_Beets (10,000 in chips)
Seat 5: Nery_Jujube (7,298 in chips)
Seat 6: Melisa_Jujube (9,730 in chips)
Seat 7: Sacha_Paprika (15,105 in chips)
Seat 8: Sybil_Tamarind (12,330 in chips)
Hero: posts small blind 75
Sharen_Beets: posts big blind 150
*** HOLE CARDS ***
Dealt to Hero [Td 8d]
Nery_Jujube: calls 150 
UTG+1 : Folds
UTG+2 : Folds
UTG+3 : Folds
UTG+4 : Folds
Dealer : Folds
Hero: calls 75 
Big Blind : Checks
*** FLOP *** [9h 5h Js]
Hero: bets 300 
Sharen_Beets: calls 300 
Nery_Jujube: calls 300 
*** TURN *** [9h 5h Js] [Ac]
Hero: bets 1000 
Sharen_Beets: calls 1000 
UTG : Folds
*** RIVER *** [9h 5h Js Ac] [2d]
Hero: bets 3000 
Big Blind : Folds
Uncalled bet (3000) returned to Hero
Hero: doesn't show hand
Hero collected 3350 from pot
*** SUMMARY ***
Total pot 3350 | Rake 0
Board [9h 5h Js Ac 2d]
Seat 1: Odilia_Rhubarb mucked [5c 2h]
Seat 2: Shandi_Rutabaga (button) mucked [2c Qs]
Seat 3: Hero (small blind) showed [Td 8d] and won (3350)
Seat 4: Sharen_Beets (big blind) mucked [Ts Qd]
Seat 5: Nery_Jujube mucked [Kc Jh]
Seat 6: Melisa_Jujube mucked [7d 6d]
Seat 7: Sacha_Paprika mucked [6s Jd]
Seat 8: Sybil_Tamarind mucked [4h 3d]



PokerStars Hand #3661281886: Tournament #21391319, $20+$2 - Hold'em No Limit (75/150) - 2018/04/06 22:38:20
Table '#18' Seat #3 is the button
Seat 1: Della_Tamarind (13,332 in chips)
Seat 2: Zona_Pumpkins (20,547 in chips)
Seat 3: Hero (10,330 in chips)
Seat 4: Lesley_Chili (8,550 in chips)
Seat 5: Teresa_Olive (6,848 in chips)
Seat 6: Zella_Tat Soi (9,730 in chips)
Seat 7: Wen_Celery (15,105 in chips)
Seat 8: Gennie_Chili (12,330 in chips)
Lesley_Chili: posts small blind 75
Teresa_Olive: posts big blind 150
*** HOLE CARDS ***
Dealt to Hero [9h 5s]
UTG : Folds
UTG+1 : Folds
UTG+2 : Folds
UTG+3 : Folds(timeout)
Zona_Pumpkins: raises 350 to 350
Dealer [ME] : Folds
Lesley_Chili: calls 275 
Big Blind : Folds
*** FLOP *** [8d 2c 5h]
Small Blind : Checks
UTG+4 : Checks
*** TURN *** [8d 2c 5h] [6s]
Lesley_Chili: bets 425 
UTG+4 : Folds
Uncalled bet (425) returned to Lesley_Chili
Lesley_Chili: doesn't show hand
Lesley_Chili collected 850 from pot
*** SUMMARY ***
Total pot 850 | Rake 0
Board [8d 2c 5h 6s]
Seat 1: Della_Tamarind mucked [Td 8c]
Seat 2: Zona_Pumpkins mucked [Jc Qd]
Seat 3: Hero (button) mucked [9h 5s]
Seat 4: Lesley_Chili (small blind) showed [5c Ac] and won (850)
Seat 5: Teresa_Olive (big blind) mucked [Tc 3d]
Seat 6: Zella_Tat Soi mucked [2h 4s]
Seat 7: Wen_Celery mucked [Jd 2d]
Seat 8: Gennie_Chili mucked [3c Jh]



PokerStars Hand #3661282910: Tournament #21391319, $20+$2 - Hold'em No Limit (75/150) - 2018/04/06 22:39:50
Table '#18' Seat #4 is the button
Seat 1: Derick_Figs (13,332 in chips)
Seat 2: Ike_Lychee (20,197 in chips)
Seat 3: Hero (10,330 in chips)
Seat 4: Rana_Chives (9,050 in chips)
Seat 5: Jule_Olive (6,698 in chips)
Seat 6: Min_Ginger (9,730 in chips)
Seat 7: Patria_Pinto (15,105 in chips)
Seat 8: Joana_Dill (12,330 in chips)
Jule_Olive: posts small blind 75
Min_Ginger: posts big blind 150
*** HOLE CARDS ***
Dealt to Hero [Ah Kd]
UTG : Folds
UTG+1 : Folds
UTG+2 : Folds
UTG+3 : Folds
Hero: raises 400 to 400
Dealer : Folds
Small Blind : Folds
Big Blind : Folds
Uncalled bet (250) returned to Hero
Hero: doesn't show hand
Hero collected 375 from pot
*** SUMMARY ***
Total pot 375 | Rake 0
Seat 1: Derick_Figs mucked [5s 6h]
Seat 2: Ike_Lychee mucked [Qs 3d]
Seat 3: Hero showed [Ah Kd] and won (375)
Seat 4: Rana_Chives (button) mucked [Qd 6c]
Seat 5: Jule_Olive (small blind) mucked [As 7d]
Seat 6: Min_Ginger (big blind) mucked [Jd 8c]
Seat 7: Patria_Pinto mucked [Jh 9d]
Seat 8: Joana_Dill mucked [6d 9c]



PokerStars Hand #3661283352: Tournament #21391319, $20+$2 - Hold'em No Limit (75/150) - 2018/04/06 22:40:29
Table '#18' Seat #5 is the button
Seat 1: Yi_Soursop (13,332 in chips)
Seat 2: Flavia_Ginger (20,197 in chips)
Seat 3: Hero (10,555 in chips)
Seat 4: Larry_Fennel (9,050 in chips)
Seat 5: Ranae_Bok Choy (6,623 in chips)
Seat 6: Laurie_Goji (9,580 in chips)
Seat 7: Darcie_Leek (10,000 in chips)
Seat 8: Shella_Melon (15,105 in chips)
Seat 9: Rubin_Kale (12,330 in chips)
Laurie_Goji: posts small blind 75
Darcie_Leek: posts big blind 150
*** HOLE CARDS ***
Dealt to Hero [Qc 5c]
UTG : Folds
UTG+1 : Folds
UTG+2 : Folds
UTG+3 : Folds
UTG+4 [ME] : Folds
UTG+5 : Folds
Ranae_Bok Choy: raises 450 to 450
Small Blind : Folds
Big Blind : Folds
Uncalled bet (300) returned to Ranae_Bok Choy
Ranae_Bok Choy: doesn't show hand
Ranae_Bok Choy collected 375 from pot
*** SUMMARY ***
Total pot 375 | Rake 0
Seat 1: Yi_Soursop mucked [Td Kh]
Seat 2: Flavia_Ginger mucked [Ad 5s]
Seat 3: Hero mucked [Qc 5c]
Seat 4: Larry_Fennel mucked [Tc 8d]
Seat 5: Ranae_Bok Choy (button) showed [7d 7c] and won (375)
Seat 6: Laurie_Goji (small blind) mucked [8s 3h]
Seat 7: Darcie_Leek (big blind) mucked [4h 6d]
Seat 8: Shella_Melon mucked [4s Jc]
Seat 9: Rubin_Kale mucked [2h Kc]



PokerStars Hand #3661283849: Tournament #21391319, $20+$2 - Hold'em No Limit (75/150) - 2018/04/06 22:41:14
Table '#18' Seat #6 is the button
Seat 1: Aide_Celeriac (13,332 in chips)
Seat 2: Mignon_Plumcot (20,197 in chips)
Seat 3: Hero (10,555 in chips)
Seat 4: Joanne_Alfalfa (9,050 in chips)
Seat 5: Julie_Pears (6,848 in chips)
Seat 6: Sonja_Thyme (9,505 in chips)
Seat 7: Madlyn_Celery (9,850 in chips)
Seat 8: Stacey_Onions (15,105 in chips)
Seat 9: Kenna_Sprouts (12,330 in chips)
Madlyn_Celery: posts small blind 75
Stacey_Onions: posts big blind 150
*** HOLE CARDS ***
Dealt to Hero [3c 5h]
UTG : Folds
UTG+1 : Folds
Mignon_Plumcot: raises 350 to 350
UTG+3 [ME] : Folds
UTG+4 : Folds
UTG+5 : Folds
Dealer : Folds
Small Blind : Folds
Stacey_Onions: calls 200 
*** FLOP *** [8d 6h Qc]
Big Blind : Checks
Mignon_Plumcot: bets 325 
Stacey_Onions: calls 325 
*** TURN *** [8d 6h Qc] [Qs]
Big Blind : Checks
Mignon_Plumcot: bets 600 
Big Blind : Folds
Uncalled bet (600) returned to Mignon_Plumcot
Mignon_Plumcot: doesn't show hand
Mignon_Plumcot collected 1425 from pot
*** SUMMARY ***
Total pot 1425 | Rake 0
Board [8d 6h Qc Qs]
Seat 1: Aide_Celeriac mucked [Kc 7h]
Seat 2: Mignon_Plumcot showed [Kh Qd] and won (1425)
Seat 3: Hero mucked [3c 5h]
Seat 4: Joanne_Alfalfa mucked [Jh 4d]
Seat 5: Julie_Pears mucked [9c Js]
Seat 6: Sonja_Thyme (button) mucked [3d 6c]
Seat 7: Madlyn_Celery (small blind) mucked [3s 4h]
Seat 8: Stacey_Onions (big blind) mucked [7c 9h]
Seat 9: Kenna_Sprouts mucked [2d 8c]



PokerStars Hand #3661284499: Tournament #21391319, $20+$2 - Hold'em No Limit (75/150) - 2018/04/06 22:42:11
Table '#18' Seat #7 is the button
Seat 1: Quinn_Zuchinis (13,332 in chips)
Seat 2: Lavina_Potatos (20,947 in chips)
Seat 3: Hero (10,555 in chips)
Seat 4: Tashia_Thyme (9,050 in chips)
Seat 5: Marry_Ugli (6,848 in chips)
Seat 6: Raye_Olive (9,505 in chips)
Seat 7: Evette_Collard (9,775 in chips)
Seat 8: Ted_Broccoli (14,430 in chips)
Seat 9: Joelle_Lentils (12,330 in chips)
Ted_Broccoli: posts small blind 75
Joelle_Lentils: posts big blind 150
*** HOLE CARDS ***
Dealt to Hero [2d Ah]
UTG : Folds
UTG+1 : Folds
UTG+2 [ME] : Folds
UTG+3 : Folds
UTG+4 : Folds
UTG+5 : Folds
Dealer : Folds
Ted_Broccoli: raises 375 to 450
Big Blind : Folds
Uncalled bet (300) returned to Ted_Broccoli
Ted_Broccoli: doesn't show hand
Ted_Broccoli collected 300 from pot
*** SUMMARY ***
Total pot 300 | Rake 0
Seat 1: Quinn_Zuchinis mucked [2c Jh]
Seat 2: Lavina_Potatos mucked [8c Js]
Seat 3: Hero mucked [2d Ah]
Seat 4: Tashia_Thyme mucked [7d Ts]
Seat 5: Marry_Ugli mucked [4s 8h]
Seat 6: Raye_Olive mucked [9d 5s]
Seat 7: Evette_Collard (button) mucked [3h 9s]
Seat 8: Ted_Broccoli (small blind) showed [Kd 6d] and won (300)
Seat 9: Joelle_Lentils (big blind) mucked [3s Ac]



PokerStars Hand #3661284950: Tournament #21391319, $20+$2 - Hold'em No Limit (75/150) - 2018/04/06 22:42:53
Table '#18' Seat #8 is the button
Seat 1: Romeo_Onions (13,332 in chips)
Seat 2: Stormy_Dates (20,947 in chips)
Seat 3: Hero (10,555 in chips)
Seat 4: Dennis_Quince (9,050 in chips)
Seat 5: Noble_Olive (6,848 in chips)
Seat 6: Alysha_Jujube (9,505 in chips)
Seat 7: Lyndon_Alfalfa (9,775 in chips)
Seat 8: Lucia_Tat Soi (14,580 in chips)
Seat 9: Jarod_Pinto (12,180 in chips)
Jarod_Pinto: posts small blind 75
Romeo_Onions: posts big blind 150
*** HOLE CARDS ***
Dealt to Hero [7s 5d]
UTG : Folds
UTG+1 [ME] : Folds
UTG+2 : Folds
UTG+3 : Folds
Alysha_Jujube: raises 300 to 300
UTG+5 : Folds
Dealer : Folds
Small Blind : Folds
Big Blind : Folds
Uncalled bet (150) returned to Alysha_Jujube
Alysha_Jujube: doesn't show hand
Alysha_Jujube collected 375 from pot
*** SUMMARY ***
Total pot 375 | Rake 0
Seat 1: Romeo_Onions (big blind) mucked [5h 2c]
Seat 2: Stormy_Dates mucked [9s Ah]
Seat 3: Hero mucked [7s 5d]
Seat 4: Dennis_Quince mucked [Td 7h]
Seat 5: Noble_Olive mucked [4h 2h]
Seat 6: Alysha_Jujube showed [Ad 7d] and won (375)
Seat 7: Lyndon_Alfalfa mucked [9h 4c]
Seat 8: Lucia_Tat Soi (button) mucked [2d Qc]
Seat 9: Jarod_Pinto (small blind) mucked [9c Tc]



PokerStars Hand #3661285701: Tournament #21391319, $20+$2 - Hold'em No Limit (75/150) - 2018/04/06 22:43:59
Table '#18' Seat #8 is the button
Seat 1: Sueann_Coconuts (13,182 in chips)
Seat 2: Doria_Tat Soi (20,947 in chips)
Seat 3: Hero (10,555 in chips)
Seat 4: Troy_Rutabaga (9,050 in chips)
Seat 5: Randi_Quinoa (6,848 in chips)
Seat 6: Marina_Ugli (9,730 in chips)
Seat 7: Kandy_Beans (14,580 in chips)
Seat 8: Nga_Fennel (12,105 in chips)
Sueann_Coconuts: posts small blind 75
Doria_Tat Soi: posts big blind 150
*** HOLE CARDS ***
Dealt to Hero [3c 7d]
UTG [ME] : Folds
UTG+1 : Folds
UTG+2 : Folds
UTG+3 : Folds
Kandy_Beans: raises 450 to 450
Dealer : Folds
Sueann_Coconuts: calls 375 
Doria_Tat Soi: calls 300 
*** FLOP *** [2s 2d 5c]
Small Blind : Checks
Doria_Tat Soi: bets 350 
UTG+4 : Folds
Sueann_Coconuts: calls 350 
*** TURN *** [2s 2d 5c] [5s]
Sueann_Coconuts: bets 500 
Doria_Tat Soi: calls 500 
*** RIVER *** [2s 2d 5c 5s] [8s]
Sueann_Coconuts: bets 500 
Doria_Tat Soi: raises 1750 to 1750
Small Blind : Folds
Uncalled bet (1250) returned to Doria_Tat Soi
Doria_Tat Soi: doesn't show hand
Doria_Tat Soi collected 4050 from pot
*** SUMMARY ***
Total pot 4050 | Rake 0
Board [2s 2d 5c 5s 8s]
Seat 1: Sueann_Coconuts (small blind) mucked [Ad Qh]
Seat 2: Doria_Tat Soi (big blind) showed [Qs Td] and won (4050)
Seat 3: Hero mucked [3c 7d]
Seat 4: Troy_Rutabaga mucked [4c 5h]
Seat 5: Randi_Quinoa mucked [7h Qd]
Seat 6: Marina_Ugli mucked [7c 6c]
Seat 7: Kandy_Beans mucked [4s 7s]
Seat 8: Nga_Fennel (button) mucked [Jh As]



PokerStars Hand #3661290922: Tournament #21391319, $20+$2 - Hold'em No Limit (100/200) - 2018/04/06 22:51:32
Table '#18' Seat #1 is the button
Seat 1: Mitzi_Satsuma (11,382 in chips)
Seat 2: Carl_Onions (23,197 in chips)
Seat 3: Hero (10,555 in chips)
Seat 4: Junita_Jujube (9,050 in chips)
Seat 5: Raul_Okra (6,848 in chips)
Seat 6: Jeanna_Lime (9,730 in chips)
Seat 7: Sharri_Raisins (10,000 in chips)
Seat 8: Jae_Dill (14,130 in chips)
Seat 9: Genny_Yams (12,105 in chips)
Carl_Onions: posts small blind 100
Hero: posts big blind 200
*** HOLE CARDS ***
Dealt to Hero [3d 4h]
Junita_Jujube: raises 600 to 600
UTG+1 : Folds
UTG+2 : Folds
Sharri_Raisins: calls 600 
UTG+4 : Folds
UTG+5 : Folds
Mitzi_Satsuma: calls 600 
Small Blind : Folds
Big Blind [ME] : Folds
*** FLOP *** [8c 8h Ac]
Junita_Jujube: bets 1050 
Sharri_Raisins: calls 1050 
Dealer : Folds
*** TURN *** [8c 8h Ac] [As]
UTG : Checks
UTG+3 : Checks
*** RIVER *** [8c 8h Ac As] [3h]
Junita_Jujube: bets 3400 
Sharri_Raisins: raises 8350 to 8350 and is all-in
UTG : Folds
Uncalled bet (4950) returned to Sharri_Raisins
Sharri_Raisins: doesn't show hand
Sharri_Raisins collected 11000 from pot
*** SUMMARY ***
Total pot 11000 | Rake 0
Board [8c 8h Ac As 3h]
Seat 1: Mitzi_Satsuma (button) mucked [Td Kc]
Seat 2: Carl_Onions (small blind) mucked [5d 6h]
Seat 3: Hero (big blind) mucked [3d 4h]
Seat 4: Junita_Jujube mucked [7d 7s]
Seat 5: Raul_Okra mucked [9c 8d]
Seat 6: Jeanna_Lime mucked [2s 3c]
Seat 7: Sharri_Raisins showed [Ah Tc] and won (11000)
Seat 8: Jae_Dill mucked [6s Js]
Seat 9: Genny_Yams mucked [Jc Ks]



PokerStars Hand #3661291903: Tournament #21391319, $20+$2 - Hold'em No Limit (100/200) - 2018/04/06 22:52:56
Table '#18' Seat #2 is the button
Seat 1: Cindie_Avocados (10,782 in chips)
Seat 2: Alleen_Jicama (23,097 in chips)
Seat 3: Hero (10,355 in chips)
Seat 4: Joana_Broccoli (4,000 in chips)
Seat 5: Aurore_Quinoa (6,848 in chips)
Seat 6: Chieko_Tabasco (9,730 in chips)
Seat 7: Albert_Peach (15,950 in chips)
Seat 8: Leida_Soy (14,130 in chips)
Seat 9: Roni_Shallot (12,105 in chips)
Hero: posts small blind 100
Joana_Broccoli: posts big blind 200
*** HOLE CARDS ***
Dealt to Hero [7d Ad]
UTG : Folds
UTG+1 : Folds
UTG+2 : Folds
UTG+3 : Folds
UTG+4 : Folds
Cindie_Avocados: calls 200 
Dealer : Folds
Hero: raises 700 to 800
Joana_Broccoli: calls 600 
Cindie_Avocados: calls 600 
*** FLOP *** [3c 6h 7c]
Hero: bets 1500 
Joana_Broccoli: raises 3200 to 3200 and is all-in
UTG+5 : Folds
Hero: calls 1700 
*** TURN *** [3c 6h 7c] [9c]
*** RIVER *** [3c 6h 7c 9c] [Js]
*** SHOW DOWN ***
Hero: shows [7d Ad] (a pair of Sevens)
Joana_Broccoli: shows [2d 3d] (a pair of Threes)
Hero collected 8800 from pot
Joana_Broccoli finished the tournament in 134th place
*** SUMMARY ***
Total pot 8800 | Rake 0
Board [3c 6h 7c 9c Js]
Seat 1: Cindie_Avocados mucked [8c Qc]
Seat 2: Alleen_Jicama (button) mucked [3s Ah]
Seat 3: Hero (small blind) showed [7d Ad] and won (8800) with a pair of Sevens
Seat 4: Joana_Broccoli (big blind) showed [2d 3d] and lost with a pair of Threes
Seat 5: Aurore_Quinoa mucked [7s 9s]
Seat 6: Chieko_Tabasco mucked [4c Ks]
Seat 7: Albert_Peach mucked [Jd 6c]
Seat 8: Leida_Soy mucked [2h As]
Seat 9: Roni_Shallot mucked [Kc 2c]



PokerStars Hand #3661292973: Tournament #21391319, $20+$2 - Hold'em No Limit (100/200) - 2018/04/06 22:54:38
Table '#18' Seat #3 is the button
Seat 1: Felice_Anise (9,982 in chips)
Seat 2: Jenny_Chard (23,097 in chips)
Seat 3: Hero (15,155 in chips)
Seat 4: Teena_Olive (6,848 in chips)
Seat 5: Neomi_Lentils (9,730 in chips)
Seat 6: Isaiah_Quince (15,950 in chips)
Seat 7: Letty_Dill (14,130 in chips)
Seat 8: Shelly_Rosemary (12,105 in chips)
Teena_Olive: posts big blind 200
*** HOLE CARDS ***
Dealt to Hero [6d Ts]
UTG : Folds
UTG+1 : Folds
UTG+2 : Folds
Shelly_Rosemary: raises 600 to 600
UTG+4 : Folds
UTG+5 : Folds
Dealer [ME] : Folds
Teena_Olive: calls 400 
*** FLOP *** [9h 8s Qc]
Big Blind : Checks
Shelly_Rosemary: bets 600 
Big Blind : Folds
Uncalled bet (600) returned to Shelly_Rosemary
Shelly_Rosemary: doesn't show hand
Shelly_Rosemary collected 1200 from pot
*** SUMMARY ***
Total pot 1200 | Rake 0
Board [9h 8s Qc]
Seat 1: Felice_Anise mucked [9d 2s]
Seat 2: Jenny_Chard mucked [3c Ks]
Seat 3: Hero (button) mucked [6d Ts]
Seat 4: Teena_Olive (big blind) mucked [4d 4h]
Seat 5: Neomi_Lentils mucked [Qh 5s]
Seat 6: Isaiah_Quince mucked [Tc 3d]
Seat 7: Letty_Dill mucked [4s Ah]
Seat 8: Shelly_Rosemary showed [8h 8d] and won (1200)



PokerStars Hand #3661293586: Tournament #21391319, $20+$2 - Hold'em No Limit (100/200) - 2018/04/06 22:55:35
Table '#18' Seat #4 is the button
Seat 1: Helga_Pomelo (9,982 in chips)
Seat 2: Tamera_Prunes (23,097 in chips)
Seat 3: Hero (15,155 in chips)
Seat 4: Ela_Cilantro (10,000 in chips)
Seat 5: Mikki_Tomatoes (6,248 in chips)
Seat 6: Rae_Rhubarb (9,730 in chips)
Seat 7: Albina_Cabbage (15,950 in chips)
Seat 8: Julee_Goji (14,130 in chips)
Seat 9: Meda_Onions (12,705 in chips)
Mikki_Tomatoes: posts small blind 100
Rae_Rhubarb: posts big blind 200
*** HOLE CARDS ***
Dealt to Hero [As 7s]
Albina_Cabbage: calls 200 
UTG+1 : Folds
UTG+2 : Folds
Helga_Pomelo: raises 600 to 600
UTG+4 : Folds
UTG+5 [ME] : Folds
Ela_Cilantro: calls 600 
Small Blind : Folds
Big Blind : Folds
Albina_Cabbage: calls 400 
*** FLOP *** [5d 8d 5h]
UTG : Checks
Helga_Pomelo: bets 600 
Dealer : Folds
UTG : Folds
*** SHOW DOWN ***
Helga_Pomelo: shows [Ad 7d] (a pair of Fives)
Uncalled bet (600) returned to Helga_Pomelo
Helga_Pomelo collected 2100 from pot
*** SUMMARY ***
Total pot 2100 | Rake 0
Board [5d 8d 5h]
Seat 1: Helga_Pomelo showed [Ad 7d] and won (2100) with a pair of Fives
Seat 2: Tamera_Prunes mucked [6s Jh]
Seat 3: Hero mucked [As 7s]
Seat 4: Ela_Cilantro (button) mucked [Th Qh]
Seat 5: Mikki_Tomatoes (small blind) mucked [5c Kc]
Seat 6: Rae_Rhubarb (big blind) mucked [9c 4s]
Seat 7: Albina_Cabbage mucked [Qs Ks]
Seat 8: Julee_Goji mucked [6c 3d]
Seat 9: Meda_Onions mucked [Qc 7c]



PokerStars Hand #3661294337: Tournament #21391319, $20+$2 - Hold'em No Limit (100/200) - 2018/04/06 22:56:47
Table '#18' Seat #5 is the button
Seat 1: Inge_Potatos (11,482 in chips)
Seat 2: Cara_Lime (23,097 in chips)
Seat 3: Hero (15,155 in chips)
Seat 4: Adina_Potatos (9,400 in chips)
Seat 5: Grisel_Skirret (6,148 in chips)
Seat 6: Judi_Tubers (9,530 in chips)
Seat 7: Hyon_Rhubarb (15,350 in chips)
Seat 8: Len_Coconuts (14,130 in chips)
Seat 9: Shu_Fennel (12,705 in chips)
Judi_Tubers: posts small blind 100
Hyon_Rhubarb: posts big blind 200
*** HOLE CARDS ***
Dealt to Hero [Qd Ts]
UTG : Folds
UTG+1 : Folds
UTG+2 : Folds
UTG+3 : Folds
UTG+4 [ME] : Folds
UTG+5 : Folds
Dealer : Folds
Small Blind : Folds
Hyon_Rhubarb: doesn't show hand
Uncalled bet (200) returned to Hyon_Rhubarb
Hyon_Rhubarb collected 100 from pot
*** SUMMARY ***
Total pot 100 | Rake 0
Seat 1: Inge_Potatos mucked [5h 4s]
Seat 2: Cara_Lime mucked [Ad 6c]
Seat 3: Hero mucked [Qd Ts]
Seat 4: Adina_Potatos mucked [7s 9s]
Seat 5: Grisel_Skirret (button) mucked [7c 3d]
Seat 6: Judi_Tubers (small blind) mucked [8d Ks]
Seat 7: Hyon_Rhubarb (big blind) showed [2s 9h] and won (100)
Seat 8: Len_Coconuts mucked [2c Js]
Seat 9: Shu_Fennel mucked [2d Jh]



PokerStars Hand #3661294653: Tournament #21391319, $20+$2 - Hold'em No Limit (100/200) - 2018/04/06 22:57:17
Table '#18' Seat #6 is the button
Seat 1: Coreen_Rambutan (11,482 in chips)
Seat 2: Sherly_Pears (23,097 in chips)
Seat 3: Hero (15,155 in chips)
Seat 4: Sueann_Skirret (9,400 in chips)
Seat 5: Chana_Pumpkins (6,148 in chips)
Seat 6: Shelba_Cilantro (9,430 in chips)
Seat 7: Sal_Zuchinis (15,450 in chips)
Seat 8: Emily_Turnips (14,130 in chips)
Seat 9: Paris_Mango (12,705 in chips)
Sal_Zuchinis: posts small blind 100
Emily_Turnips: posts big blind 200
*** HOLE CARDS ***
Dealt to Hero [6c 4d]
UTG : Folds
UTG+1 : Folds
UTG+2 : Folds
UTG+3 [ME] : Folds
UTG+4 : Folds
UTG+5 : Folds
Dealer : Folds
Small Blind : Folds
Emily_Turnips: doesn't show hand
Uncalled bet (200) returned to Emily_Turnips
Emily_Turnips collected 100 from pot
*** SUMMARY ***
Total pot 100 | Rake 0
Seat 1: Coreen_Rambutan mucked [Qh 9d]
Seat 2: Sherly_Pears mucked [Qd Jc]
Seat 3: Hero mucked [6c 4d]
Seat 4: Sueann_Skirret mucked [Tc 6s]
Seat 5: Chana_Pumpkins mucked [5c Th]
Seat 6: Shelba_Cilantro (button) mucked [3d 6d]
Seat 7: Sal_Zuchinis (small blind) mucked [5h 3c]
Seat 8: Emily_Turnips (big blind) showed [3h Kh] and won (100)
Seat 9: Paris_Mango mucked [4c 8h]



PokerStars Hand #3661295035: Tournament #21391319, $20+$2 - Hold'em No Limit (100/200) - 2018/04/06 22:57:53
Table '#18' Seat #7 is the button
Seat 1: Creola_Jicama (11,482 in chips)
Seat 2: Katie_Ginger (23,097 in chips)
Seat 3: Hero (15,155 in chips)
Seat 4: Dan_Nettles (9,400 in chips)
Seat 5: Breana_Thyme (6,148 in chips)
Seat 6: Lucas_Bok Choy (9,430 in chips)
Seat 7: Judi_Figs (15,350 in chips)
Seat 8: Lilla_Figs (14,230 in chips)
Seat 9: Alease_Daikon (12,705 in chips)
Lilla_Figs: posts small blind 100
Alease_Daikon: posts big blind 200
*** HOLE CARDS ***
Dealt to Hero [Ks 4h]
UTG : Folds
UTG+1 : Folds
UTG+2 [ME] : Folds
UTG+3 : Folds
UTG+4 : Folds
UTG+5 : Folds
Dealer : Folds
Lilla_Figs: calls 100 
Big Blind : Checks
*** FLOP *** [Ac 7c 6s]
Lilla_Figs: bets 200 
Big Blind : Folds
Uncalled bet (200) returned to Lilla_Figs
Lilla_Figs: doesn't show hand
Lilla_Figs collected 400 from pot
*** SUMMARY ***
Total pot 400 | Rake 0
Board [Ac 7c 6s]
Seat 1: Creola_Jicama mucked [9h 2d]
Seat 2: Katie_Ginger mucked [Jc Qs]
Seat 3: Hero mucked [Ks 4h]
Seat 4: Dan_Nettles mucked [8s Td]
Seat 5: Breana_Thyme mucked [5d 7s]
Seat 6: Lucas_Bok Choy mucked [Jh 5c]
Seat 7: Judi_Figs (button) mucked [3d Qd]
Seat 8: Lilla_Figs (small blind) showed [Th 3h] and won (400)
Seat 9: Alease_Daikon (big blind) mucked [8d Qh]



PokerStars Hand #3661295390: Tournament #21391319, $20+$2 - Hold'em No Limit (100/200) - 2018/04/06 22:58:26
Table '#18' Seat #8 is the button
Seat 1: Anissa_Lemon (11,482 in chips)
Seat 2: Maryam_Satsuma (23,097 in chips)
Seat 3: Hero (15,155 in chips)
Seat 4: Lavon_Apricots (9,400 in chips)
Seat 5: Norris_Lemon (6,148 in chips)
Seat 6: Susie_Goji (9,430 in chips)
Seat 7: Cruz_Fennel (15,350 in chips)
Seat 8: Madlyn_Beets (14,430 in chips)
Seat 9: Nubia_Carrots (12,505 in chips)
Nubia_Carrots: posts small blind 100
Anissa_Lemon: posts big blind 200
*** HOLE CARDS ***
Dealt to Hero [6h 7c]
UTG : Folds
UTG+1 [ME] : Folds
Lavon_Apricots: raises 700 to 700
UTG+3 : Folds
UTG+4 : Folds
UTG+5 : Folds
Dealer : Folds
Small Blind : Folds
Big Blind : Folds
Uncalled bet (500) returned to Lavon_Apricots
Lavon_Apricots: doesn't show hand
Lavon_Apricots collected 500 from pot
*** SUMMARY ***
Total pot 500 | Rake 0
Seat 1: Anissa_Lemon (big blind) mucked [4h 5c]
Seat 2: Maryam_Satsuma mucked [Qd 8c]
Seat 3: Hero mucked [6h 7c]
Seat 4: Lavon_Apricots showed [Ah Ad] and won (500)
Seat 5: Norris_Lemon mucked [Kh 2c]
Seat 6: Susie_Goji mucked [Td 6c]
Seat 7: Cruz_Fennel mucked [Jh Tc]
Seat 8: Madlyn_Beets (button) mucked [3s 8d]
Seat 9: Nubia_Carrots (small blind) mucked [7s 2d]



PokerStars Hand #3661295703: Tournament #21391319, $20+$2 - Hold'em No Limit (100/200) - 2018/04/06 22:58:56
Table '#18' Seat #9 is the button
Seat 1: Teri_Lemon (11,282 in chips)
Seat 2: Bonny_Plantain (23,097 in chips)
Seat 3: Hero (15,155 in chips)
Seat 4: Leigha_Olive (9,700 in chips)
Seat 5: Celena_Chili (6,148 in chips)
Seat 6: Joya_Caraway (9,430 in chips)
Seat 7: Thao_Jicama (15,350 in chips)
Seat 8: Kiara_Garlic (14,430 in chips)
Seat 9: Mona_Lemon (12,405 in chips)
Teri_Lemon: posts small blind 100
Bonny_Plantain: posts big blind 200
*** HOLE CARDS ***
Dealt to Hero [4s Jh]
UTG [ME] : Folds
UTG+1 : Folds
Celena_Chili: raises 600 to 600
UTG+3 : Folds
UTG+4 : Folds
UTG+5 : Folds
Dealer : Folds
Teri_Lemon: calls 500 
Big Blind : Folds
*** FLOP *** [Tc Kc 3d]
Small Blind : Checks
Celena_Chili: bets 400 
Teri_Lemon: raises 1200 to 1200
Celena_Chili: raises 5148 to 5548 and is all-in
Teri_Lemon: calls 4348 
*** TURN *** [Tc Kc 3d] [Qh]
*** RIVER *** [Tc Kc 3d Qh] [6d]
*** SHOW DOWN ***
Teri_Lemon: shows [Kd Td] (two pair, Kings and Tens)
Celena_Chili: shows [Th Ad] (a pair of Tens)
Teri_Lemon collected 12496 from pot
Celena_Chili finished the tournament in 135th place
*** SUMMARY ***
Total pot 12496 | Rake 0
Board [Tc Kc 3d Qh 6d]
Seat 1: Teri_Lemon (small blind) showed [Kd Td] and won (12496) with two pair, Kings and Tens
Seat 2: Bonny_Plantain (big blind) mucked [8h Jc]
Seat 3: Hero mucked [4s Jh]
Seat 4: Leigha_Olive mucked [5h 9s]
Seat 5: Celena_Chili showed [Th Ad] and lost with a pair of Tens
Seat 6: Joya_Caraway mucked [Js Qd]
Seat 7: Thao_Jicama mucked [9c 2d]
Seat 8: Kiara_Garlic mucked [Ac 4d]
Seat 9: Mona_Lemon (button) mucked [6s 5s]



PokerStars Hand #3661296440: Tournament #21391319, $20+$2 - Hold'em No Limit (100/200) - 2018/04/06 22:59:56
Table '#18' Seat #1 is the button
Seat 1: Suzi_Parnsip (17,630 in chips)
Seat 2: Trey_Pinto (22,897 in chips)
Seat 3: Hero (15,155 in chips)
Seat 4: Jimmie_Pinto (9,700 in chips)
Seat 5: Andria_Plumcot (9,430 in chips)
Seat 6: Leena_Kohlrabi (15,350 in chips)
Seat 7: Dallas_Spinach (14,430 in chips)
Seat 8: Barney_Dates (12,405 in chips)
Trey_Pinto: posts small blind 100
Hero: posts big blind 200
*** HOLE CARDS ***
Dealt to Hero [9h 5d]
UTG : Folds
UTG+1 : Folds
UTG+2 : Folds
UTG+3 : Folds
Barney_Dates: calls 200 
Dealer : Folds
Small Blind : Folds
Big Blind [ME] : Checks
*** FLOP *** [3d 5s Ks]
Big Blind [ME] : Checks
UTG+4 : Checks
*** TURN *** [3d 5s Ks] [Th]
Big Blind [ME] : Checks
UTG+4 : Checks
*** RIVER *** [3d 5s Ks Th] [Ah]
Big Blind [ME] : Checks
Barney_Dates: bets 250 
Big Blind [ME] : Folds
Uncalled bet (250) returned to Barney_Dates
Barney_Dates: doesn't show hand
Barney_Dates collected 500 from pot
*** SUMMARY ***
Total pot 500 | Rake 0
Board [3d 5s Ks Th Ah]
Seat 1: Suzi_Parnsip (button) mucked [4c Kd]
Seat 2: Trey_Pinto (small blind) mucked [7s 5h]
Seat 3: Hero (big blind) mucked [9h 5d]
Seat 4: Jimmie_Pinto mucked [Kc 9d]
Seat 5: Andria_Plumcot mucked [8s 4d]
Seat 6: Leena_Kohlrabi mucked [Jd 6c]
Seat 7: Dallas_Spinach mucked [5c Qd]
Seat 8: Barney_Dates showed [Ad 2d] and won (500)



PokerStars Hand #3661297399: Tournament #21391319, $20+$2 - Hold'em No Limit (100/200) - 2018/04/06 23:01:20
Table '#18' Seat #2 is the button
Seat 1: Charla_Raisins (17,630 in chips)
Seat 2: Saul_Cucumber (22,797 in chips)
Seat 3: Hero (14,955 in chips)
Seat 4: Luba_Lychee (9,700 in chips)
Seat 5: Lesli_Mango (10,000 in chips)
Seat 6: Elma_Dates (9,430 in chips)
Seat 7: Joline_Cayenne (15,350 in chips)
Seat 8: Opal_Chard (14,430 in chips)
Seat 9: Carlee_Fennel (12,705 in chips)
Hero: posts small blind 100
Luba_Lychee: posts big blind 200
*** HOLE CARDS ***
Dealt to Hero [4s 2s]
Lesli_Mango: raises 600 to 600
UTG+1 : Folds
UTG+2 : Folds
UTG+3 : Folds
UTG+4 : Folds
UTG+5 : Folds
Dealer : Folds
Small Blind [ME] : Folds
Big Blind : Folds(timeout)
Uncalled bet (400) returned to Lesli_Mango
Lesli_Mango: doesn't show hand
Lesli_Mango collected 500 from pot
*** SUMMARY ***
Total pot 500 | Rake 0
Seat 1: Charla_Raisins mucked [7d 9c]
Seat 2: Saul_Cucumber (button) mucked [Jh 7h]
Seat 3: Hero (small blind) mucked [4s 2s]
Seat 4: Luba_Lychee (big blind) mucked [2h Th]
Seat 5: Lesli_Mango showed [Jc Tc] and won (500)
Seat 6: Elma_Dates mucked [2c 7s]
Seat 7: Joline_Cayenne mucked [As 6d]
Seat 8: Opal_Chard mucked [Js 4c]
Seat 9: Carlee_Fennel mucked [6s Ah]



PokerStars Hand #3661298112: Tournament #21391319, $20+$2 - Hold'em No Limit (125/250) - 2018/04/06 23:02:23
Table '#18' Seat #3 is the button
Seat 1: Harold_Lime (17,630 in chips)
Seat 2: Raeann_Peas (22,797 in chips)
Seat 3: Hero (14,855 in chips)
Seat 4: Samuel_Cabbage (9,500 in chips)
Seat 5: Branda_Zuchinis (10,300 in chips)
Seat 6: Lanny_Guava (9,430 in chips)
Seat 7: Robin_Zuchinis (15,350 in chips)
Seat 8: Berna_Plantain (14,430 in chips)
Seat 9: Fredia_Chili (12,705 in chips)
Harold_Lime: posts the ante 25
Raeann_Peas: posts the ante 25
Hero: posts the ante 25
Samuel_Cabbage: posts the ante 25
Branda_Zuchinis: posts the ante 25
Lanny_Guava: posts the ante 25
Robin_Zuchinis: posts the ante 25
Berna_Plantain: posts the ante 25
Fredia_Chili: posts the ante 25
Samuel_Cabbage: posts small blind 125
Branda_Zuchinis: posts big blind 250
*** HOLE CARDS ***
Dealt to Hero [3s Tc]
UTG : Folds
UTG+1 : Folds
UTG+2 : Folds
UTG+3 : Folds
UTG+4 : Folds
Raeann_Peas: raises 575 to 575
Dealer [ME] : Folds
Samuel_Cabbage: calls 450 
Branda_Zuchinis: calls 325 
*** FLOP *** [6s 8s Ac]
Small Blind : Checks
Big Blind : Checks
Raeann_Peas: bets 1325 
Small Blind : Folds
Branda_Zuchinis: calls 1325 
*** TURN *** [6s 8s Ac] [4s]
Big Blind : Checks
UTG+5 : Checks
*** RIVER *** [6s 8s Ac 4s] [Kc]
Branda_Zuchinis: bets 2027 
Raeann_Peas: calls 2027 
*** SHOW DOWN ***
Branda_Zuchinis: shows [5s 5d] (a pair of Fives)
Raeann_Peas: shows [9h Ad] (a pair of Aces)
Raeann_Peas collected 8654 from pot
*** SUMMARY ***
Total pot 8654 | Rake 0
Board [6s 8s Ac 4s Kc]
Seat 1: Harold_Lime mucked [Ts 8d]
Seat 2: Raeann_Peas showed [9h Ad] and won (8654) with a pair of Aces
Seat 3: Hero (button) mucked [3s Tc]
Seat 4: Samuel_Cabbage (small blind) mucked [Qs Th]
Seat 5: Branda_Zuchinis (big blind) showed [5s 5d] and lost with a pair of Fives
Seat 6: Lanny_Guava mucked [Kh Jh]
Seat 7: Robin_Zuchinis mucked [7c 3h]
Seat 8: Berna_Plantain mucked [Js 4c]
Seat 9: Fredia_Chili mucked [Kd 7h]



PokerStars Hand #3661299338: Tournament #21391319, $20+$2 - Hold'em No Limit (125/250) - 2018/04/06 23:04:11
Table '#18' Seat #3 is the button
Seat 1: Brian_Cabbage (17,605 in chips)
Seat 2: Hero (14,830 in chips)
Seat 3: Ariel_Figs (8,900 in chips)
Seat 4: Thora_Olive (6,348 in chips)
Seat 5: Suzy_Lime (9,405 in chips)
Seat 6: Melina_Fennel (15,325 in chips)
Seat 7: Ericka_Lentils (14,405 in chips)
Seat 8: Jude_Prunes (12,680 in chips)
Brian_Cabbage: posts the ante 25
Hero: posts the ante 25
Ariel_Figs: posts the ante 25
Thora_Olive: posts the ante 25
Suzy_Lime: posts the ante 25
Melina_Fennel: posts the ante 25
Ericka_Lentils: posts the ante 25
Jude_Prunes: posts the ante 25
Thora_Olive: posts small blind 125
Suzy_Lime: posts big blind 250
*** HOLE CARDS ***
Dealt to Hero [4c 8h]
UTG : Folds
Ericka_Lentils: raises 500 to 500
UTG+2 : Folds
UTG+3 : Folds
UTG+4 [ME] : Folds
Dealer : Folds
Small Blind : Folds
Big Blind : Folds
Uncalled bet (250) returned to Ericka_Lentils
Ericka_Lentils: doesn't show hand
Ericka_Lentils collected 825 from pot
*** SUMMARY ***
Total pot 825 | Rake 0
Seat 1: Brian_Cabbage mucked [8s Qh]
Seat 2: Hero mucked [4c 8h]
Seat 3: Ariel_Figs (button) mucked [4s Ah]
Seat 4: Thora_Olive (small blind) mucked [Jh 2s]
Seat 5: Suzy_Lime (big blind) mucked [3d Td]
Seat 6: Melina_Fennel mucked [8d 3h]
Seat 7: Ericka_Lentils showed [5h 5c] and won (825)
Seat 8: Jude_Prunes mucked [6s Qc]



PokerStars Hand #3661299816: Tournament #21391319, $20+$2 - Hold'em No Limit (125/250) - 2018/04/06 23:04:53
Table '#18' Seat #4 is the button
Seat 1: Shara_Pinto (17,580 in chips)
Seat 2: Hero (14,805 in chips)
Seat 3: Trang_Beets (8,875 in chips)
Seat 4: Andy_Sage (6,198 in chips)
Seat 5: Landon_Plantain (9,130 in chips)
Seat 6: Temika_Pinto (15,300 in chips)
Seat 7: Danae_Tabasco (14,955 in chips)
Seat 8: Karren_Radish (12,655 in chips)
Shara_Pinto: posts the ante 25
Hero: posts the ante 25
Trang_Beets: posts the ante 25
Andy_Sage: posts the ante 25
Landon_Plantain: posts the ante 25
Temika_Pinto: posts the ante 25
Danae_Tabasco: posts the ante 25
Karren_Radish: posts the ante 25
Landon_Plantain: posts small blind 125
Temika_Pinto: posts big blind 250
*** HOLE CARDS ***
Dealt to Hero [9d 7d]
UTG : Folds
UTG+1 : Folds
UTG+2 : Folds
Hero: raises 600 to 600
Trang_Beets: raises 2375 to 2375
Dealer : Folds
Small Blind : Folds
Big Blind : Folds
UTG+3 [ME] : Folds
Uncalled bet (1775) returned to Trang_Beets
Trang_Beets: doesn't show hand
Trang_Beets collected 1775 from pot
*** SUMMARY ***
Total pot 1775 | Rake 0
Seat 1: Shara_Pinto mucked [5d 2s]
Seat 2: Hero mucked [9d 7d]
Seat 3: Trang_Beets showed [Js Jh] and won (1775)
Seat 4: Andy_Sage (button) mucked [4h 6d]
Seat 5: Landon_Plantain (small blind) mucked [Td 3s]
Seat 6: Temika_Pinto (big blind) mucked [Th Kd]
Seat 7: Danae_Tabasco mucked [3c 8s]
Seat 8: Karren_Radish mucked [7s Qs]



PokerStars Hand #3661300682: Tournament #21391319, $20+$2 - Hold'em No Limit (125/250) - 2018/04/06 23:06:08
Table '#18' Seat #5 is the button
Seat 1: Norma_Tubers (17,555 in chips)
Seat 2: Hero (14,180 in chips)
Seat 3: Jeremy_Plum (10,025 in chips)
Seat 4: Maida_Peach (6,173 in chips)
Seat 5: Anna_Nettles (8,980 in chips)
Seat 6: Sydney_Fennel (15,025 in chips)
Seat 7: Arden_Goji (14,930 in chips)
Seat 8: Melita_Squash (12,630 in chips)
Norma_Tubers: posts the ante 25
Hero: posts the ante 25
Jeremy_Plum: posts the ante 25
Maida_Peach: posts the ante 25
Anna_Nettles: posts the ante 25
Sydney_Fennel: posts the ante 25
Arden_Goji: posts the ante 25
Melita_Squash: posts the ante 25
Sydney_Fennel: posts small blind 125
Arden_Goji: posts big blind 250
*** HOLE CARDS ***
Dealt to Hero [2c Qh]
UTG : Folds
UTG+1 : Folds
UTG+2 [ME] : Folds
UTG+3 : Folds
Maida_Peach: raises 716 to 716
Dealer : Folds
Small Blind : Folds
Arden_Goji: calls 466 
*** FLOP *** [8h 2h 6s]
Arden_Goji: bets 1574 
Maida_Peach: raises 5432 to 5432 and is all-in
Arden_Goji: calls 3858 
*** TURN *** [8h 2h 6s] [9h]
*** RIVER *** [8h 2h 6s 9h] [4d]
*** SHOW DOWN ***
Maida_Peach: shows [Qd Ac] (high card Ace)
Arden_Goji: shows [9c 7c] (a pair of Nines)
Arden_Goji collected 12621 from pot
Maida_Peach finished the tournament in 138th place
*** SUMMARY ***
Total pot 12621 | Rake 0
Board [8h 2h 6s 9h 4d]
Seat 1: Norma_Tubers mucked [6c Ts]
Seat 2: Hero mucked [2c Qh]
Seat 3: Jeremy_Plum mucked [8s 3c]
Seat 4: Maida_Peach showed [Qd Ac] and lost with high card Ace
Seat 5: Anna_Nettles (button) mucked [5d 7d]
Seat 6: Sydney_Fennel (small blind) mucked [Tc Qs]
Seat 7: Arden_Goji (big blind) showed [9c 7c] and won (12621) with a pair of Nines
Seat 8: Melita_Squash mucked [6d 3h]



PokerStars Hand #3661301471: Tournament #21391319, $20+$2 - Hold'em No Limit (125/250) - 2018/04/06 23:07:20
Table '#18' Seat #6 is the button
Seat 1: Korey_Beets (17,530 in chips)
Seat 2: Dario_Shallot (10,000 in chips)
Seat 3: Hero (14,155 in chips)
Seat 4: Judie_Dill (10,000 in chips)
Seat 5: Sanora_Ginger (8,955 in chips)
Seat 6: Karon_Peach (14,875 in chips)
Seat 7: Mina_Kale (21,378 in chips)
Seat 8: Shane_Peach (12,605 in chips)
Korey_Beets: posts the ante 25
Dario_Shallot: posts the ante 25
Hero: posts the ante 25
Judie_Dill: posts the ante 25
Sanora_Ginger: posts the ante 25
Karon_Peach: posts the ante 25
Mina_Kale: posts the ante 25
Shane_Peach: posts the ante 25
Mina_Kale: posts small blind 125
Shane_Peach: posts big blind 250
*** HOLE CARDS ***
Dealt to Hero [Js Kc]
Korey_Beets: calls 250 
UTG+1 : Folds
UTG+2 [ME] : Folds
UTG+3 : Folds
UTG+4 : Folds
Dealer : Folds
Small Blind : Folds
Big Blind : Checks
*** FLOP *** [4c 7c Kh]
Big Blind : Checks
UTG : Checks
*** TURN *** [4c 7c Kh] [Qd]
Big Blind : Checks
Korey_Beets: bets 450 
Big Blind : Folds
Uncalled bet (450) returned to Korey_Beets
Korey_Beets: doesn't show hand
Korey_Beets collected 825 from pot
*** SUMMARY ***
Total pot 825 | Rake 0
Board [4c 7c Kh Qd]
Seat 1: Korey_Beets showed [Ah 8s] and won (825)
Seat 2: Dario_Shallot mucked [8d 9d]
Seat 3: Hero mucked [Js Kc]
Seat 4: Judie_Dill mucked [5d 9c]
Seat 5: Sanora_Ginger mucked [As 5c]
Seat 6: Karon_Peach (button) mucked [Qs 9s]
Seat 7: Mina_Kale (small blind) mucked [Jh 5s]
Seat 8: Shane_Peach (big blind) mucked [7d Th]



PokerStars Hand #3661302332: Tournament #21391319, $20+$2 - Hold'em No Limit (125/250) - 2018/04/06 23:08:38
Table '#18' Seat #8 is the button
Seat 1: Cherry_Thyme (18,080 in chips)
Seat 2: Alonso_Olive (9,975 in chips)
Seat 3: Hero (14,130 in chips)
Seat 4: Norman_Quince (9,975 in chips)
Seat 5: Hilary_Parsley (10,000 in chips)
Seat 6: Adrien_Bananas (8,930 in chips)
Seat 7: Jayme_Bilberry (14,850 in chips)
Seat 8: Karyn_Bilberry (21,228 in chips)
Seat 9: Jay_Parsley (12,330 in chips)
Cherry_Thyme: posts the ante 25
Alonso_Olive: posts the ante 25
Hero: posts the ante 25
Norman_Quince: posts the ante 25
Hilary_Parsley: posts the ante 25
Adrien_Bananas: posts the ante 25
Jayme_Bilberry: posts the ante 25
Karyn_Bilberry: posts the ante 25
Jay_Parsley: posts the ante 25
Jay_Parsley: posts small blind 125
Cherry_Thyme: posts big blind 250
*** HOLE CARDS ***
Dealt to Hero [Ac 8d]
UTG : Folds
UTG+1 [ME] : Folds
UTG+2 : Folds
UTG+3 : Folds
Adrien_Bananas: raises 750 to 750
Jayme_Bilberry: calls 750 
Dealer : Folds
Small Blind : Folds
Cherry_Thyme: calls 500 
*** FLOP *** [2d Jc 6c]
Big Blind : Checks
UTG+4 : Checks
UTG+5 : Checks
*** TURN *** [2d Jc 6c] [Td]
Big Blind : Checks
UTG+4 : Checks
Jayme_Bilberry: bets 3607 
Big Blind : Folds
UTG+4 : Folds
Uncalled bet (3607) returned to Jayme_Bilberry
Jayme_Bilberry: doesn't show hand
Jayme_Bilberry collected 2600 from pot
*** SUMMARY ***
Total pot 2600 | Rake 0
Board [2d Jc 6c Td]
Seat 1: Cherry_Thyme (big blind) mucked [Kc Qs]
Seat 2: Alonso_Olive mucked [4d 7c]
Seat 3: Hero mucked [Ac 8d]
Seat 4: Norman_Quince mucked [Tc Jh]
Seat 5: Hilary_Parsley mucked [2s 4c]
Seat 6: Adrien_Bananas mucked [5c 5s]
Seat 7: Jayme_Bilberry showed [6s 6d] and won (2600)
Seat 8: Karyn_Bilberry (button) mucked [Jd 7d]
Seat 9: Jay_Parsley (small blind) mucked [2h Ah]



PokerStars Hand #3661303270: Tournament #21391319, $20+$2 - Hold'em No Limit (125/250) - 2018/04/06 23:09:59
Table '#18' Seat #9 is the button
Seat 1: Carola_Okra (17,305 in chips)
Seat 2: Jacki_Bilberry (9,950 in chips)
Seat 3: Hero (14,105 in chips)
Seat 4: Terry_Rambutan (9,950 in chips)
Seat 5: Tama_Kohlrabi (9,975 in chips)
Seat 6: Tobie_Peppers (8,155 in chips)
Seat 7: Kimiko_Apples (16,675 in chips)
Seat 8: Danuta_Grapes (21,203 in chips)
Seat 9: Luke_Ginger (12,180 in chips)
Carola_Okra: posts the ante 25
Jacki_Bilberry: posts the ante 25
Hero: posts the ante 25
Terry_Rambutan: posts the ante 25
Tama_Kohlrabi: posts the ante 25
Tobie_Peppers: posts the ante 25
Kimiko_Apples: posts the ante 25
Danuta_Grapes: posts the ante 25
Luke_Ginger: posts the ante 25
Carola_Okra: posts small blind 125
Jacki_Bilberry: posts big blind 250
*** HOLE CARDS ***
Dealt to Hero [Jd 9d]
Hero: raises 600 to 600
Terry_Rambutan: raises 2400 to 2400
UTG+2 : Folds
UTG+3 : Folds
UTG+4 : Folds
UTG+5 : Folds
Dealer : Folds
Small Blind : Folds
Big Blind : Folds
UTG [ME] : Folds
Uncalled bet (1800) returned to Terry_Rambutan
Terry_Rambutan: doesn't show hand
Terry_Rambutan collected 1800 from pot
*** SUMMARY ***
Total pot 1800 | Rake 0
Seat 1: Carola_Okra (small blind) mucked [4d 7s]
Seat 2: Jacki_Bilberry (big blind) mucked [4c Ac]
Seat 3: Hero mucked [Jd 9d]
Seat 4: Terry_Rambutan showed [Kd As] and won (1800)
Seat 5: Tama_Kohlrabi mucked [6s 8s]
Seat 6: Tobie_Peppers mucked [Jc 6h]
Seat 7: Kimiko_Apples mucked [4h 2c]
Seat 8: Danuta_Grapes mucked [Ah Td]
Seat 9: Luke_Ginger (button) mucked [5s 8c]



PokerStars Hand #3661304019: Tournament #21391319, $20+$2 - Hold'em No Limit (125/250) - 2018/04/06 23:11:08
Table '#18' Seat #1 is the button
Seat 1: Rodney_Squash (17,155 in chips)
Seat 2: Piper_Guava (9,675 in chips)
Seat 3: Hero (13,480 in chips)
Seat 4: Tobi_Kohlrabi (11,125 in chips)
Seat 5: Damion_Yuzu (9,950 in chips)
Seat 6: Ashli_Broccoli (8,130 in chips)
Seat 7: Minta_Celery (16,650 in chips)
Seat 8: Marx_Lychee (21,178 in chips)
Seat 9: Barbie_Dill (12,155 in chips)
Rodney_Squash: posts the ante 25
Piper_Guava: posts the ante 25
Hero: posts the ante 25
Tobi_Kohlrabi: posts the ante 25
Damion_Yuzu: posts the ante 25
Ashli_Broccoli: posts the ante 25
Minta_Celery: posts the ante 25
Marx_Lychee: posts the ante 25
Barbie_Dill: posts the ante 25
Piper_Guava: posts small blind 125
Hero: posts big blind 250
*** HOLE CARDS ***
Dealt to Hero [2d 9c]
UTG : Folds
UTG+1 : Folds
UTG+2 : Folds
UTG+3 : Folds
UTG+4 : Folds
UTG+5 : Folds
Rodney_Squash: calls 250 
Small Blind : Folds
Big Blind [ME] : Checks
*** FLOP *** [4d Ts 8c]
Big Blind [ME] : Checks
Dealer : Checks
*** TURN *** [4d Ts 8c] [2s]
Big Blind [ME] : Checks
Dealer : Checks
*** RIVER *** [4d Ts 8c 2s] [3h]
Big Blind [ME] : Checks
Dealer : Checks
*** SHOW DOWN ***
Hero: shows [2d 9c] (a pair of Deuces)
Rodney_Squash: Mucks [Kc 9d] (High Card)
Hero collected 850 from pot
*** SUMMARY ***
Total pot 850 | Rake 0
Board [4d Ts 8c 2s 3h]
Seat 1: Rodney_Squash (button) mucked [Kc 9d]
Seat 2: Piper_Guava (small blind) mucked [5c 7h]
Seat 3: Hero (big blind) showed [2d 9c] and won (850) with a pair of Deuces
Seat 4: Tobi_Kohlrabi mucked [5h Jd]
Seat 5: Damion_Yuzu mucked [3c 7s]
Seat 6: Ashli_Broccoli mucked [Kd Js]
Seat 7: Minta_Celery mucked [6h Qh]
Seat 8: Marx_Lychee mucked [8d Jc]
Seat 9: Barbie_Dill mucked [6s Td]



PokerStars Hand #3661305229: Tournament #21391319, $20+$2 - Hold'em No Limit (150/300) - 2018/04/06 23:12:59
Table '#18' Seat #2 is the button
Seat 1: Jacqui_Onions (16,880 in chips)
Seat 2: Ashlyn_Cayenne (9,525 in chips)
Seat 3: Hero (14,055 in chips)
Seat 4: Ozella_Chili (11,100 in chips)
Seat 5: Ronda_Raisins (9,925 in chips)
Seat 6: Rowena_Onions (8,105 in chips)
Seat 7: Sheba_Basil (16,625 in chips)
Seat 8: Lennie_Parsley (21,153 in chips)
Seat 9: Elidia_Tamarind (12,130 in chips)
Jacqui_Onions: posts the ante 30
Ashlyn_Cayenne: posts the ante 30
Hero: posts the ante 30
Ozella_Chili: posts the ante 30
Ronda_Raisins: posts the ante 30
Rowena_Onions: posts the ante 30
Sheba_Basil: posts the ante 30
Lennie_Parsley: posts the ante 30
Elidia_Tamarind: posts the ante 30
Hero: posts small blind 150
Ozella_Chili: posts big blind 300
*** HOLE CARDS ***
Dealt to Hero [4c 2s]
UTG : Folds
UTG+1 : Folds
UTG+2 : Folds
UTG+3 : Folds
UTG+4 : Folds
UTG+5 : Folds
Dealer : Folds
Small Blind [ME] : Folds
Ozella_Chili: doesn't show hand
Uncalled bet (300) returned to Ozella_Chili
Ozella_Chili collected 420 from pot
*** SUMMARY ***
Total pot 420 | Rake 0
Seat 1: Jacqui_Onions mucked [9s 3s]
Seat 2: Ashlyn_Cayenne (button) mucked [9d Ts]
Seat 3: Hero (small blind) mucked [4c 2s]
Seat 4: Ozella_Chili (big blind) showed [8d 6c] and won (420)
Seat 5: Ronda_Raisins mucked [6s Kc]
Seat 6: Rowena_Onions mucked [7h 9h]
Seat 7: Sheba_Basil mucked [2h 9c]
Seat 8: Lennie_Parsley mucked [6d Ac]
Seat 9: Elidia_Tamarind mucked [8s 5s]



PokerStars Hand #3661305779: Tournament #21391319, $20+$2 - Hold'em No Limit (150/300) - 2018/04/06 23:13:50
Table '#18' Seat #3 is the button
Seat 1: Marcia_Broccoli (16,850 in chips)
Seat 2: Shelby_Olive (9,495 in chips)
Seat 3: Hero (13,875 in chips)
Seat 4: Jen_Figs (11,490 in chips)
Seat 5: Veola_Lentils (9,895 in chips)
Seat 6: Janae_Garlic (8,075 in chips)
Seat 7: Elana_Marjoram (21,123 in chips)
Seat 8: Samuel_Bananas (12,100 in chips)
Marcia_Broccoli: posts the ante 30
Shelby_Olive: posts the ante 30
Hero: posts the ante 30
Jen_Figs: posts the ante 30
Veola_Lentils: posts the ante 30
Janae_Garlic: posts the ante 30
Elana_Marjoram: posts the ante 30
Samuel_Bananas: posts the ante 30
Jen_Figs: posts small blind 150
Veola_Lentils: posts big blind 300
*** HOLE CARDS ***
Dealt to Hero [6s 7d]
UTG : Folds
UTG+1 : Folds
UTG+2 : Folds
Marcia_Broccoli: calls 300 
UTG+4 : Folds
Dealer [ME] : Folds
Jen_Figs: calls 150 
Big Blind : Checks
*** FLOP *** [4h Qh Qs]
Small Blind : Checks
Big Blind : Checks
UTG+3 : Checks
*** TURN *** [4h Qh Qs] [4d]
Small Blind : Checks
Big Blind : Checks
UTG+3 : Checks
*** RIVER *** [4h Qh Qs 4d] [3c]
Small Blind : Checks
Big Blind : Checks
UTG+3 : Checks
*** SHOW DOWN ***
Jen_Figs: shows [9h Kd] (two pair, Queens and Fours)
Veola_Lentils: Mucks [2s 7h] (Two pair)
Marcia_Broccoli: shows [7c Ad] (two pair, Queens and Fours)
Marcia_Broccoli collected 1140 from pot
*** SUMMARY ***
Total pot 1140 | Rake 0
Board [4h Qh Qs 4d 3c]
Seat 1: Marcia_Broccoli showed [7c Ad] and won (1140) with two pair, Queens and Fours
Seat 2: Shelby_Olive mucked [Kh 2d]
Seat 3: Hero (button) mucked [6s 7d]
Seat 4: Jen_Figs (small blind) showed [9h Kd] and lost with two pair, Queens and Fours
Seat 5: Veola_Lentils (big blind) mucked [2s 7h]
Seat 6: Janae_Garlic mucked [Ac 8h]
Seat 7: Elana_Marjoram mucked [5d 8s]
Seat 8: Samuel_Bananas mucked [3h 4c]



PokerStars Hand #3661307417: Tournament #21391319, $20+$2 - Hold'em No Limit (150/300) - 2018/04/06 23:16:14
Table '#18' Seat #4 is the button
Seat 1: Lyle_Peppers (17,660 in chips)
Seat 2: Keith_Rambutan (9,465 in chips)
Seat 3: Hero (13,845 in chips)
Seat 4: Eddie_Plantain (11,160 in chips)
Seat 5: Martha_Jujube (9,565 in chips)
Seat 6: Adan_Pumpkins (8,045 in chips)
Seat 7: Waneta_Collard (10,000 in chips)
Seat 8: Vince_Rosemary (21,093 in chips)
Seat 9: Lacie_Honeydew (12,070 in chips)
Lyle_Peppers: posts the ante 30
Keith_Rambutan: posts the ante 30
Hero: posts the ante 30
Eddie_Plantain: posts the ante 30
Martha_Jujube: posts the ante 30
Adan_Pumpkins: posts the ante 30
Waneta_Collard: posts the ante 30
Vince_Rosemary: posts the ante 30
Lacie_Honeydew: posts the ante 30
Martha_Jujube: posts small blind 150
Adan_Pumpkins: posts big blind 300
*** HOLE CARDS ***
Dealt to Hero [Ah 4h]
UTG : Folds
UTG+1 : Folds
UTG+2 : Folds
UTG+3 : Folds
Keith_Rambutan: raises 900 to 900
UTG+5 [ME] : Folds
Dealer : Folds
Small Blind : Folds
Big Blind : Folds
Uncalled bet (600) returned to Keith_Rambutan
Keith_Rambutan: doesn't show hand
Keith_Rambutan collected 1020 from pot
*** SUMMARY ***
Total pot 1020 | Rake 0
Seat 1: Lyle_Peppers mucked [7s 4d]
Seat 2: Keith_Rambutan showed [9s Ac] and won (1020)
Seat 3: Hero mucked [Ah 4h]
Seat 4: Eddie_Plantain (button) mucked [Ad 7c]
Seat 5: Martha_Jujube (small blind) mucked [2s 5c]
Seat 6: Adan_Pumpkins (big blind) mucked [5h Qc]
Seat 7: Waneta_Collard mucked [Qs 8d]
Seat 8: Vince_Rosemary mucked [Tc 8c]
Seat 9: Lacie_Honeydew mucked [Td 9d]



PokerStars Hand #3661308142: Tournament #21391319, $20+$2 - Hold'em No Limit (150/300) - 2018/04/06 23:17:17
Table '#18' Seat #5 is the button
Seat 1: Terri_Cilantro (17,630 in chips)
Seat 2: Andrea_Rambutan (10,155 in chips)
Seat 3: Hero (13,815 in chips)
Seat 4: Ronda_Squash (11,130 in chips)
Seat 5: Carola_Habanero (9,385 in chips)
Seat 6: Marcy_Lentils (7,715 in chips)
Seat 7: Nu_Shallot (9,970 in chips)
Seat 8: Luisa_Bok Choy (21,063 in chips)
Seat 9: Man_Celery (12,040 in chips)
Terri_Cilantro: posts the ante 30
Andrea_Rambutan: posts the ante 30
Hero: posts the ante 30
Ronda_Squash: posts the ante 30
Carola_Habanero: posts the ante 30
Marcy_Lentils: posts the ante 30
Nu_Shallot: posts the ante 30
Luisa_Bok Choy: posts the ante 30
Man_Celery: posts the ante 30
Marcy_Lentils: posts small blind 150
Nu_Shallot: posts big blind 300
*** HOLE CARDS ***
Dealt to Hero [Kh 8s]
UTG : Folds
UTG+1 : Folds
UTG+2 : Folds
UTG+3 : Folds
UTG+4 [ME] : Folds
Ronda_Squash: raises 1320 to 1320
Dealer : Folds
Small Blind : Folds
Big Blind : Folds
Uncalled bet (1020) returned to Ronda_Squash
Ronda_Squash: doesn't show hand
Ronda_Squash collected 1020 from pot
*** SUMMARY ***
Total pot 1020 | Rake 0
Seat 1: Terri_Cilantro mucked [Qs 8c]
Seat 2: Andrea_Rambutan mucked [6h 2d]
Seat 3: Hero mucked [Kh 8s]
Seat 4: Ronda_Squash showed [Td Th] and won (1020)
Seat 5: Carola_Habanero (button) mucked [3d 4s]
Seat 6: Marcy_Lentils (small blind) mucked [5d 5c]
Seat 7: Nu_Shallot (big blind) mucked [Jh 5s]
Seat 8: Luisa_Bok Choy mucked [9h 6s]
Seat 9: Man_Celery mucked [6c Jc]



PokerStars Hand #3661308758: Tournament #21391319, $20+$2 - Hold'em No Limit (150/300) - 2018/04/06 23:18:11
Table '#18' Seat #6 is the button
Seat 1: Davina_Kale (17,600 in chips)
Seat 2: Delpha_Orange (10,125 in chips)
Seat 3: Hero (13,785 in chips)
Seat 4: Patsy_Chives (11,820 in chips)
Seat 5: Alan_Spinach (9,355 in chips)
Seat 6: Aaron_Peas (7,535 in chips)
Seat 7: Robbyn_Plumcot (9,640 in chips)
Seat 8: Venus_Olive (21,033 in chips)
Seat 9: India_Celery (12,010 in chips)
Davina_Kale: posts the ante 30
Delpha_Orange: posts the ante 30
Hero: posts the ante 30
Patsy_Chives: posts the ante 30
Alan_Spinach: posts the ante 30
Aaron_Peas: posts the ante 30
Robbyn_Plumcot: posts the ante 30
Venus_Olive: posts the ante 30
India_Celery: posts the ante 30
Robbyn_Plumcot: posts small blind 150
Venus_Olive: posts big blind 300
*** HOLE CARDS ***
Dealt to Hero [Js Jd]
UTG : Folds
UTG+1 : Folds
UTG+2 : Folds
Hero: raises 700 to 700
UTG+4 : Folds
Alan_Spinach: calls 700 
Aaron_Peas: calls 700 
Small Blind : Folds
Big Blind : Folds
*** FLOP *** [Ac Qh 6d]
Hero: bets 999 
UTG+5 : Folds
Aaron_Peas: calls 999 
*** TURN *** [Ac Qh 6d] [Jh]
Hero: bets 2000 
Aaron_Peas: raises 5806 to 5806 and is all-in
Hero: calls 3806 
*** RIVER *** [Ac Qh 6d Jh] [6h]
*** SHOW DOWN ***
Hero: shows [Js Jd] (a full house, Jacks full of Sixes)
Aaron_Peas: shows [Qd Ah] (two pair, Aces and Queens)
Hero collected 16430 from pot
Aaron_Peas finished the tournament in 149th place
*** SUMMARY ***
Total pot 16430 | Rake 0
Board [Ac Qh 6d Jh 6h]
Seat 1: Davina_Kale mucked [Th 7h]
Seat 2: Delpha_Orange mucked [Ks 2s]
Seat 3: Hero showed [Js Jd] and won (16430) with a full house, Jacks full of Sixes
Seat 4: Patsy_Chives mucked [4c 8h]
Seat 5: Alan_Spinach mucked [3s 4s]
Seat 6: Aaron_Peas (button) showed [Qd Ah] and lost with two pair, Aces and Queens
Seat 7: Robbyn_Plumcot (small blind) mucked [4h Qs]
Seat 8: Venus_Olive (big blind) mucked [6c Kh]
Seat 9: India_Celery mucked [8d 7s]



PokerStars Hand #3661309899: Tournament #21391319, $20+$2 - Hold'em No Limit (150/300) - 2018/04/06 23:19:50
Table '#18' Seat #6 is the button
Seat 1: Jacki_Onions (17,570 in chips)
Seat 2: Jorge_Grapes (10,095 in chips)
Seat 3: Hero (22,680 in chips)
Seat 4: Sylvia_Apricots (11,790 in chips)
Seat 5: Sam_Fennel (8,625 in chips)
Seat 6: Monika_Lychee (9,460 in chips)
Seat 7: Norene_Caraway (20,703 in chips)
Seat 8: Damion_Pears (11,980 in chips)
Jacki_Onions: posts the ante 30
Jorge_Grapes: posts the ante 30
Hero: posts the ante 30
Sylvia_Apricots: posts the ante 30
Sam_Fennel: posts the ante 30
Monika_Lychee: posts the ante 30
Norene_Caraway: posts the ante 30
Damion_Pears: posts the ante 30
Norene_Caraway: posts small blind 150
Damion_Pears: posts big blind 300
*** HOLE CARDS ***
Dealt to Hero [5c 9h]
UTG : Folds
UTG+1 : Folds
UTG+2 [ME] : Folds
UTG+3 : Folds
UTG+4 : Folds
Monika_Lychee: raises 1200 to 1200
Norene_Caraway: raises 20523 to 20673 and is all-in
Big Blind : Folds
Monika_Lychee: calls 8230 and is all-in
*** FLOP *** [Kc 2d Ks]
*** TURN *** [Kc 2d Ks] [8c]
*** RIVER *** [Kc 2d Ks 8c] [4c]
*** SHOW DOWN ***
Monika_Lychee: shows [Qd Jc] (a pair of Kings)
Norene_Caraway: shows [9d Kd] (three of a kind, Kings)
Uncalled bet (11243) returned to Norene_Caraway
Norene_Caraway collected 19400 from pot
Monika_Lychee finished the tournament in 148th place
*** SUMMARY ***
Total pot 19400 | Rake 0
Board [Kc 2d Ks 8c 4c]
Seat 1: Jacki_Onions mucked [9c As]
Seat 2: Jorge_Grapes mucked [2c 8d]
Seat 3: Hero mucked [5c 9h]
Seat 4: Sylvia_Apricots mucked [7s 6d]
Seat 5: Sam_Fennel mucked [Jd 5h]
Seat 6: Monika_Lychee (button) showed [Qd Jc] and lost with a pair of Kings
Seat 7: Norene_Caraway (small blind) showed [9d Kd] and won (19400) with three of a kind, Kings
Seat 8: Damion_Pears (big blind) mucked [Jh Td]



PokerStars Hand #3661310670: Tournament #21391319, $20+$2 - Hold'em No Limit (150/300) - 2018/04/06 23:20:56
Table '#18' Seat #6 is the button
Seat 1: Mickey_Zuchinis (17,540 in chips)
Seat 2: Noe_Sage (10,065 in chips)
Seat 3: Hero (22,650 in chips)
Seat 4: Ronni_Nettles (11,760 in chips)
Seat 5: Jae_Carrots (8,595 in chips)
Seat 6: Raeann_Sprouts (30,643 in chips)
Seat 7: Jamel_Yuzu (11,650 in chips)
Mickey_Zuchinis: posts the ante 30
Noe_Sage: posts the ante 30
Hero: posts the ante 30
Ronni_Nettles: posts the ante 30
Jae_Carrots: posts the ante 30
Raeann_Sprouts: posts the ante 30
Jamel_Yuzu: posts the ante 30
Jamel_Yuzu: posts small blind 150
Mickey_Zuchinis: posts big blind 300
*** HOLE CARDS ***
Dealt to Hero [3c 2h]
UTG : Folds
UTG+1 [ME] : Folds
UTG+2 : Folds
UTG+3 : Folds
Dealer : Folds
Jamel_Yuzu: raises 750 to 900
Big Blind : Folds
Uncalled bet (600) returned to Jamel_Yuzu
Jamel_Yuzu: doesn't show hand
Jamel_Yuzu collected 810 from pot
*** SUMMARY ***
Total pot 810 | Rake 0
Seat 1: Mickey_Zuchinis (big blind) mucked [4c 2c]
Seat 2: Noe_Sage mucked [4d 4h]
Seat 3: Hero mucked [3c 2h]
Seat 4: Ronni_Nettles mucked [6d Jh]
Seat 5: Jae_Carrots mucked [8c Qd]
Seat 6: Raeann_Sprouts (button) mucked [2d 9c]
Seat 7: Jamel_Yuzu (small blind) showed [Tc Td] and won (810)



PokerStars Hand #3661311473: Tournament #21391319, $20+$2 - Hold'em No Limit (200/400) - 2018/04/06 23:22:08
Table '#18' Seat #8 is the button
Seat 1: Alesia_Bilberry (17,210 in chips)
Seat 2: Myra_Mango (10,035 in chips)
Seat 3: Hero (22,620 in chips)
Seat 4: Tomasa_Squash (11,730 in chips)
Seat 5: Hailey_Rutabaga (8,565 in chips)
Seat 6: Luise_Jujube (10,000 in chips)
Seat 7: Toya_Tamarind (30,613 in chips)
Seat 8: Joey_Marjoram (12,130 in chips)
Alesia_Bilberry: posts the ante 40
Myra_Mango: posts the ante 40
Hero: posts the ante 40
Tomasa_Squash: posts the ante 40
Hailey_Rutabaga: posts the ante 40
Luise_Jujube: posts the ante 40
Toya_Tamarind: posts the ante 40
Joey_Marjoram: posts the ante 40
Alesia_Bilberry: posts small blind 200
Myra_Mango: posts big blind 400
*** HOLE CARDS ***
Dealt to Hero [2d 5c]
UTG [ME] : Folds
UTG+1 : Folds
UTG+2 : Folds
UTG+3 : Folds
Toya_Tamarind: raises 800 to 800
Dealer : Folds
Small Blind : Folds
Big Blind : Folds
Uncalled bet (400) returned to Toya_Tamarind
Toya_Tamarind: doesn't show hand
Toya_Tamarind collected 1320 from pot
*** SUMMARY ***
Total pot 1320 | Rake 0
Seat 1: Alesia_Bilberry (small blind) mucked [Qc 7h]
Seat 2: Myra_Mango (big blind) mucked [6c 2c]
Seat 3: Hero mucked [2d 5c]
Seat 4: Tomasa_Squash mucked [8h Qd]
Seat 5: Hailey_Rutabaga mucked [Ks 6h]
Seat 6: Luise_Jujube mucked [3h 9c]
Seat 7: Toya_Tamarind showed [5h 5s] and won (1320)
Seat 8: Joey_Marjoram (button) mucked [Kd Td]



PokerStars Hand #3661311997: Tournament #21391319, $20+$2 - Hold'em No Limit (200/400) - 2018/04/06 23:22:59
Table '#18' Seat #1 is the button
Seat 1: Trent_Broccoli (16,970 in chips)
Seat 2: Jamee_Arugula (9,595 in chips)
Seat 3: Hero (22,580 in chips)
Seat 4: Sharla_Lettuce (11,690 in chips)
Seat 5: Karin_Bok Choy (8,525 in chips)
Seat 6: Vilma_Tamarind (9,960 in chips)
Seat 7: Jan_Squash (10,000 in chips)
Seat 8: Caren_Skirret (31,493 in chips)
Seat 9: Buster_Papaya (12,090 in chips)
Trent_Broccoli: posts the ante 40
Jamee_Arugula: posts the ante 40
Hero: posts the ante 40
Sharla_Lettuce: posts the ante 40
Karin_Bok Choy: posts the ante 40
Vilma_Tamarind: posts the ante 40
Jan_Squash: posts the ante 40
Caren_Skirret: posts the ante 40
Buster_Papaya: posts the ante 40
Jamee_Arugula: posts small blind 200
Hero: posts big blind 400
*** HOLE CARDS ***
Dealt to Hero [2d 5d]
UTG : Folds
Karin_Bok Choy: calls 400 
UTG+2 : Folds
Jan_Squash: raises 2800 to 2800
UTG+4 : Folds
UTG+5 : Folds
Dealer : Folds
Small Blind : Folds
Big Blind [ME] : Folds
UTG+1 : Folds
*** SHOW DOWN ***
Jan_Squash: shows [Ac Kc] (high card Ace)
Uncalled bet (2400) returned to Jan_Squash
Jan_Squash collected 1760 from pot
*** SUMMARY ***
Total pot 1760 | Rake 0
Seat 1: Trent_Broccoli (button) mucked [7d Ah]
Seat 2: Jamee_Arugula (small blind) mucked [5c 2s]
Seat 3: Hero (big blind) mucked [2d 5d]
Seat 4: Sharla_Lettuce mucked [Jd 8s]
Seat 5: Karin_Bok Choy mucked [8c 6c]
Seat 6: Vilma_Tamarind mucked [2h 9d]
Seat 7: Jan_Squash showed [Ac Kc] and won (1760) with high card Ace
Seat 8: Caren_Skirret mucked [5h 3s]
Seat 9: Buster_Papaya mucked [Qc 4h]



PokerStars Hand #3661312735: Tournament #21391319, $20+$2 - Hold'em No Limit (200/400) - 2018/04/06 23:24:05
Table '#18' Seat #2 is the button
Seat 1: Justa_Kiwi (16,930 in chips)
Seat 2: Cher_Cherry (9,355 in chips)
Seat 3: Hero (22,140 in chips)
Seat 4: Rocio_Olive (11,650 in chips)
Seat 5: Juli_Kohlrabi (8,085 in chips)
Seat 6: Mandy_Kiwi (9,920 in chips)
Seat 7: Johana_Jicama (11,320 in chips)
Seat 8: Season_Lentils (31,453 in chips)
Seat 9: Lu_Parnsip (12,050 in chips)
Justa_Kiwi: posts the ante 40
Cher_Cherry: posts the ante 40
Hero: posts the ante 40
Rocio_Olive: posts the ante 40
Juli_Kohlrabi: posts the ante 40
Mandy_Kiwi: posts the ante 40
Johana_Jicama: posts the ante 40
Season_Lentils: posts the ante 40
Lu_Parnsip: posts the ante 40
Hero: posts small blind 200
Rocio_Olive: posts big blind 400
*** HOLE CARDS ***
Dealt to Hero [8c Kh]
Juli_Kohlrabi: calls 400 
Mandy_Kiwi: calls 400 
UTG+2 : Folds
Season_Lentils: raises 1600 to 1600
UTG+4 : Folds
UTG+5 : Folds
Dealer : Folds
Small Blind [ME] : Folds
Big Blind : Folds
Juli_Kohlrabi: calls 1200 
Mandy_Kiwi: calls 1200 
*** FLOP *** [As 4d 3h]
UTG : Checks
UTG+1 : Checks
Season_Lentils: bets 1961 
Juli_Kohlrabi: calls 1961 
Mandy_Kiwi: calls 1961 
*** TURN *** [As 4d 3h] [6c]
UTG : Checks
Mandy_Kiwi: bets 400 
UTG+3 : Folds
Juli_Kohlrabi: raises 2400 to 2400
Mandy_Kiwi: calls 2000 
*** RIVER *** [As 4d 3h 6c] [9h]
Juli_Kohlrabi: bets 2084 and is all-in
UTG+1 : Folds
Uncalled bet (2084) returned to Juli_Kohlrabi
Juli_Kohlrabi: doesn't show hand
Juli_Kohlrabi collected 16443 from pot
*** SUMMARY ***
Total pot 16443 | Rake 0
Board [As 4d 3h 6c 9h]
Seat 1: Justa_Kiwi mucked [7s Qd]
Seat 2: Cher_Cherry (button) mucked [5s 2d]
Seat 3: Hero (small blind) mucked [8c Kh]
Seat 4: Rocio_Olive (big blind) mucked [3c Kc]
Seat 5: Juli_Kohlrabi showed [6d 6s] and won (16443)
Seat 6: Mandy_Kiwi mucked [Qh 5h]
Seat 7: Johana_Jicama mucked [6h 7c]
Seat 8: Season_Lentils mucked [Kd Jd]
Seat 9: Lu_Parnsip mucked [Qc 7h]



PokerStars Hand #3661314035: Tournament #21391319, $20+$2 - Hold'em No Limit (200/400) - 2018/04/06 23:26:02
Table '#18' Seat #3 is the button
Seat 1: Lloyd_Rhubarb (16,890 in chips)
Seat 2: Judi_Peppers (9,315 in chips)
Seat 3: Hero (21,900 in chips)
Seat 4: Kris_Spinach (11,210 in chips)
Seat 5: Lida_Cucumber (18,527 in chips)
Seat 6: Sumiko_Plumcot (3,919 in chips)
Seat 7: Janina_Wasabi (11,280 in chips)
Seat 8: Inger_Fennel (27,852 in chips)
Seat 9: Freeda_Beets (12,010 in chips)
Lloyd_Rhubarb: posts the ante 40
Judi_Peppers: posts the ante 40
Hero: posts the ante 40
Kris_Spinach: posts the ante 40
Lida_Cucumber: posts the ante 40
Sumiko_Plumcot: posts the ante 40
Janina_Wasabi: posts the ante 40
Inger_Fennel: posts the ante 40
Freeda_Beets: posts the ante 40
Kris_Spinach: posts small blind 200
Lida_Cucumber: posts big blind 400
*** HOLE CARDS ***
Dealt to Hero [3d As]
UTG : Folds
Janina_Wasabi: calls 400 
UTG+2 : Folds
UTG+3 : Folds
UTG+4 : Folds
UTG+5 : Folds
Dealer [ME] : Folds
Kris_Spinach: calls 200 
Big Blind : Checks
*** FLOP *** [4h 4s Qc]
Small Blind : Checks
Big Blind : Checks
Janina_Wasabi: bets 1560 
Small Blind : Folds
Big Blind : Folds
Uncalled bet (1560) returned to Janina_Wasabi
Janina_Wasabi: doesn't show hand
Janina_Wasabi collected 1560 from pot
*** SUMMARY ***
Total pot 1560 | Rake 0
Board [4h 4s Qc]
Seat 1: Lloyd_Rhubarb mucked [8h 3h]
Seat 2: Judi_Peppers mucked [Ah 7s]
Seat 3: Hero (button) mucked [3d As]
Seat 4: Kris_Spinach (small blind) mucked [Ks 5d]
Seat 5: Lida_Cucumber (big blind) mucked [Th 2h]
Seat 6: Sumiko_Plumcot mucked [4c Jd]
Seat 7: Janina_Wasabi showed [Tc Qs] and won (1560)
Seat 8: Inger_Fennel mucked [5s Ad]
Seat 9: Freeda_Beets mucked [3c Kd]



PokerStars Hand #3661315176: Tournament #21391319, $20+$2 - Hold'em No Limit (200/400) - 2018/04/06 23:27:44
Table '#18' Seat #3 is the button
Seat 1: Karon_Anise (16,850 in chips)
Seat 2: Hero (21,860 in chips)
Seat 3: Alyssa_Cilantro (10,770 in chips)
Seat 4: Simon_Figs (18,087 in chips)
Seat 5: Darcey_Melon (3,879 in chips)
Seat 6: Jaye_Marjoram (12,400 in chips)
Seat 7: Boris_Sprouts (27,812 in chips)
Seat 8: Ellan_Lentils (11,970 in chips)
Karon_Anise: posts the ante 40
Hero: posts the ante 40
Alyssa_Cilantro: posts the ante 40
Simon_Figs: posts the ante 40
Darcey_Melon: posts the ante 40
Jaye_Marjoram: posts the ante 40
Boris_Sprouts: posts the ante 40
Ellan_Lentils: posts the ante 40
Simon_Figs: posts small blind 200
Darcey_Melon: posts big blind 400
*** HOLE CARDS ***
Dealt to Hero [Ad Tc]
UTG : Folds
UTG+1 : Folds
UTG+2 : Folds
Karon_Anise: calls 400 
Hero: calls 400 
Alyssa_Cilantro: calls 400 
Small Blind : Folds
Darcey_Melon: raises 3439 to 3839 and is all-in
Karon_Anise: calls 3439 
UTG+4 [ME] : Folds
Dealer : Folds
*** FLOP *** [6s Td Qs]
*** TURN *** [6s Td Qs] [8d]
*** RIVER *** [6s Td Qs 8d] [6d]
*** SHOW DOWN ***
Karon_Anise: shows [9c 9d] (two pair, Nines and Sixes)
Darcey_Melon: shows [6c Ah] (three of a kind, Sixes)
Darcey_Melon collected 8998 from pot
*** SUMMARY ***
Total pot 8998 | Rake 0
Board [6s Td Qs 8d 6d]
Seat 1: Karon_Anise showed [9c 9d] and lost with two pair, Nines and Sixes
Seat 2: Hero mucked [Ad Tc]
Seat 3: Alyssa_Cilantro (button) mucked [Qh Kc]
Seat 4: Simon_Figs (small blind) mucked [Th 2d]
Seat 5: Darcey_Melon (big blind) showed [6c Ah] and won (8998) with three of a kind, Sixes
Seat 6: Jaye_Marjoram mucked [2h 3s]
Seat 7: Boris_Sprouts mucked [8s 9s]
Seat 8: Ellan_Lentils mucked [4s Qd]



PokerStars Hand #3661316172: Tournament #21391319, $20+$2 - Hold'em No Limit (200/400) - 2018/04/06 23:29:17
Table '#18' Seat #5 is the button
Seat 1: Kara_Pumpkins (12,971 in chips)
Seat 2: Morgan_Mango (10,000 in chips)
Seat 3: Hero (21,420 in chips)
Seat 4: Dusti_Fennel (10,330 in chips)
Seat 5: Janean_Sprouts (17,847 in chips)
Seat 6: Marhta_Nettles (8,998 in chips)
Seat 7: Sabine_Daikon (12,360 in chips)
Seat 8: Hazel_Lychee (27,772 in chips)
Seat 9: Moises_Cherry (11,930 in chips)
Kara_Pumpkins: posts the ante 40
Morgan_Mango: posts the ante 40
Hero: posts the ante 40
Dusti_Fennel: posts the ante 40
Janean_Sprouts: posts the ante 40
Marhta_Nettles: posts the ante 40
Sabine_Daikon: posts the ante 40
Hazel_Lychee: posts the ante 40
Moises_Cherry: posts the ante 40
Marhta_Nettles: posts small blind 200
Sabine_Daikon: posts big blind 400
*** HOLE CARDS ***
Dealt to Hero [Ks Ah]
UTG : Folds
UTG+1 : Folds
UTG+2 : Folds
UTG+3 : Folds
Hero: raises 999 to 999
UTG+5 : Folds
Janean_Sprouts: calls 999 
Marhta_Nettles: calls 799 
Sabine_Daikon: calls 599 
*** FLOP *** [Th Qd Kh]
Small Blind : Checks
Big Blind : Checks
UTG+4 [ME] : Checks
Dealer : Checks
*** TURN *** [Th Qd Kh] [8s]
Marhta_Nettles: bets 400 
Sabine_Daikon: raises 1600 to 1600
Hero: calls 1600 
Dealer : Folds
Marhta_Nettles: calls 1200 
*** RIVER *** [Th Qd Kh 8s] [Kc]
Small Blind : Checks
Sabine_Daikon: bets 9156 
Hero: calls 9156 
Small Blind : Folds
*** SHOW DOWN ***
Sabine_Daikon: shows [Jh 9c] (a straight, Nine to King)
Hero: Mucks [Ks Ah] (Three of a kind)
Sabine_Daikon collected 27468 from pot
*** SUMMARY ***
Total pot 27468 | Rake 0
Board [Th Qd Kh 8s Kc]
Seat 1: Kara_Pumpkins mucked [3c As]
Seat 2: Morgan_Mango mucked [7s 4h]
Seat 3: Hero mucked [Ks Ah]
Seat 4: Dusti_Fennel mucked [6h Ac]
Seat 5: Janean_Sprouts (button) mucked [5c 4c]
Seat 6: Marhta_Nettles (small blind) mucked [3s Ts]
Seat 7: Sabine_Daikon (big blind) showed [Jh 9c] and won (27468) with a straight, Nine to King
Seat 8: Hazel_Lychee mucked [2c 5s]
Seat 9: Moises_Cherry mucked [Js 9h]



PokerStars Hand #3661317943: Tournament #21391319, $20+$2 - Hold'em No Limit (250/500) - 2018/04/06 23:31:56
Table '#18' Seat #6 is the button
Seat 1: Jason_Chives (12,931 in chips)
Seat 2: Amee_Plum (9,960 in chips)
Seat 3: Hero (9,625 in chips)
Seat 4: Jude_Radish (10,290 in chips)
Seat 5: Robbin_Garlic (16,808 in chips)
Seat 6: Isela_Quince (6,359 in chips)
Seat 7: Muoi_Daikon (28,033 in chips)
Seat 8: Karon_Lentils (27,732 in chips)
Seat 9: Beckie_Goji (11,890 in chips)
Jason_Chives: posts the ante 50
Amee_Plum: posts the ante 50
Hero: posts the ante 50
Jude_Radish: posts the ante 50
Robbin_Garlic: posts the ante 50
Isela_Quince: posts the ante 50
Muoi_Daikon: posts the ante 50
Karon_Lentils: posts the ante 50
Beckie_Goji: posts the ante 50
Muoi_Daikon: posts small blind 250
Karon_Lentils: posts big blind 500
*** HOLE CARDS ***
Dealt to Hero [Ad Ac]
UTG : Folds
UTG+1 : Folds
UTG+2 : Folds(timeout)
Hero: raises 1222 to 1222
UTG+4 : Folds
UTG+5 : Folds
Isela_Quince: calls 1222 
Muoi_Daikon: calls 972 
Big Blind : Folds
*** FLOP *** [4d 2d 6s]
Small Blind : Checks
Hero: bets 2333 
Dealer : Folds
Small Blind : Folds
Uncalled bet (2333) returned to Hero
Hero: doesn't show hand
Hero collected 4616 from pot
*** SUMMARY ***
Total pot 4616 | Rake 0
Board [4d 2d 6s]
Seat 1: Jason_Chives mucked [Qs 2c]
Seat 2: Amee_Plum mucked [7c 5d]
Seat 3: Hero showed [Ad Ac] and won (4616)
Seat 4: Jude_Radish mucked [3h 7s]
Seat 5: Robbin_Garlic mucked [3c Jh]
Seat 6: Isela_Quince (button) mucked [8s Qd]
Seat 7: Muoi_Daikon (small blind) mucked [As Tc]
Seat 8: Karon_Lentils (big blind) mucked [3s 9d]
Seat 9: Beckie_Goji mucked [4c Js]



PokerStars Hand #3661319421: Tournament #21391319, $20+$2 - Hold'em No Limit (250/500) - 2018/04/06 23:34:08
Table '#18' Seat #7 is the button
Seat 1: Alayna_Lettuce (12,881 in chips)
Seat 2: Daysi_Radish (9,910 in chips)
Seat 3: Hero (12,969 in chips)
Seat 4: Trudy_Fennel (10,240 in chips)
Seat 5: Daria_Wasabi (16,758 in chips)
Seat 6: Roy_Plumcot (5,087 in chips)
Seat 7: Shera_Habanero (26,761 in chips)
Seat 8: Faye_Jujube (27,182 in chips)
Seat 9: Delana_Pinto (11,840 in chips)
Alayna_Lettuce: posts the ante 50
Daysi_Radish: posts the ante 50
Hero: posts the ante 50
Trudy_Fennel: posts the ante 50
Daria_Wasabi: posts the ante 50
Roy_Plumcot: posts the ante 50
Shera_Habanero: posts the ante 50
Faye_Jujube: posts the ante 50
Delana_Pinto: posts the ante 50
Faye_Jujube: posts small blind 250
Delana_Pinto: posts big blind 500
*** HOLE CARDS ***
Dealt to Hero [Ad Ts]
Alayna_Lettuce: calls 500 
UTG+1 : Folds
UTG+2 [ME] : Folds
UTG+3 : Folds
UTG+4 : Folds
Roy_Plumcot: raises 1000 to 1000
Dealer : Folds(timeout)
Small Blind : Folds
Delana_Pinto: raises 2500 to 3000
UTG : Folds
Roy_Plumcot: calls 2000 
*** FLOP *** [4d Th Kd]
Delana_Pinto: bets 7200 
Roy_Plumcot: bets 2037 and is all-in
*** TURN *** [4d Th Kd] [3s]
*** RIVER *** [4d Th Kd 3s] [7d]
*** SHOW DOWN ***
Roy_Plumcot: shows [Ks Qs] (a pair of Kings)
Delana_Pinto: shows [3d 3c] (three of a kind, Threes)
Uncalled bet (5163) returned to Delana_Pinto
Delana_Pinto collected 11274 from pot
Roy_Plumcot finished the tournament in 157th place
*** SUMMARY ***
Total pot 11274 | Rake 0
Board [4d Th Kd 3s 7d]
Seat 1: Alayna_Lettuce mucked [Kc 2c]
Seat 2: Daysi_Radish mucked [Tc 4h]
Seat 3: Hero mucked [Ad Ts]
Seat 4: Trudy_Fennel mucked [6s 7c]
Seat 5: Daria_Wasabi mucked [Js 4c]
Seat 6: Roy_Plumcot showed [Ks Qs] and lost with a pair of Kings
Seat 7: Shera_Habanero (button) mucked [Qc 9h]
Seat 8: Faye_Jujube (small blind) mucked [6h 5h]
Seat 9: Delana_Pinto (big blind) showed [3d 3c] and won (11274) with three of a kind, Threes



PokerStars Hand #3661320640: Tournament #21391319, $20+$2 - Hold'em No Limit (250/500) - 2018/04/06 23:36:02
Table '#18' Seat #7 is the button
Seat 1: Deidra_Guava (12,331 in chips)
Seat 2: Dia_Broccoli (9,860 in chips)
Seat 3: Hero (12,919 in chips)
Seat 4: Nelle_Thyme (10,190 in chips)
Seat 5: Mable_Celery (16,708 in chips)
Seat 6: Sulema_Lemon (26,711 in chips)
Seat 7: Ariana_Okra (26,882 in chips)
Seat 8: Mira_Olive (18,027 in chips)
Deidra_Guava: posts the ante 50
Dia_Broccoli: posts the ante 50
Hero: posts the ante 50
Nelle_Thyme: posts the ante 50
Mable_Celery: posts the ante 50
Sulema_Lemon: posts the ante 50
Ariana_Okra: posts the ante 50
Mira_Olive: posts the ante 50
Mira_Olive: posts small blind 250
Deidra_Guava: posts big blind 500
*** HOLE CARDS ***
Dealt to Hero [3d 6d]
UTG : Folds
UTG+1 [ME] : Folds
UTG+2 : Folds
Mable_Celery: calls 500 
UTG+4 : Folds
Dealer : Folds
Small Blind : Folds
Big Blind : Checks
*** FLOP *** [Js 8s 8c]
Big Blind : Checks
UTG+3 : Checks
*** TURN *** [Js 8s 8c] [Th]
Big Blind : Checks(timeout)
Mable_Celery: bets 1351 
Big Blind : Folds
Uncalled bet (1351) returned to Mable_Celery
Mable_Celery: doesn't show hand
Mable_Celery collected 1650 from pot
*** SUMMARY ***
Total pot 1650 | Rake 0
Board [Js 8s 8c Th]
Seat 1: Deidra_Guava (big blind) mucked [Kd 2s]
Seat 2: Dia_Broccoli mucked [Qs 5c]
Seat 3: Hero mucked [3d 6d]
Seat 4: Nelle_Thyme mucked [Td 2c]
Seat 5: Mable_Celery showed [8d Ad] and won (1650)
Seat 6: Sulema_Lemon mucked [9c 7d]
Seat 7: Ariana_Okra (button) mucked [Tc 3c]
Seat 8: Mira_Olive (small blind) mucked [3h 9d]



PokerStars Hand #3661321808: Tournament #21391319, $20+$2 - Hold'em No Limit (250/500) - 2018/04/06 23:37:50
Table '#18' Seat #8 is the button
Seat 1: Nida_Jicama (11,781 in chips)
Seat 2: Harvey_Rambutan (9,810 in chips)
Seat 3: Hero (12,869 in chips)
Seat 4: Brent_Rutabaga (10,140 in chips)
Seat 5: Leslie_Peas (17,808 in chips)
Seat 6: Ismael_Quinoa (26,661 in chips)
Seat 7: Leota_Dates (26,832 in chips)
Seat 8: Paula_Squash (17,727 in chips)
Nida_Jicama: posts the ante 50
Harvey_Rambutan: posts the ante 50
Hero: posts the ante 50
Brent_Rutabaga: posts the ante 50
Leslie_Peas: posts the ante 50
Ismael_Quinoa: posts the ante 50
Leota_Dates: posts the ante 50
Paula_Squash: posts the ante 50
Nida_Jicama: posts small blind 250
Harvey_Rambutan: posts big blind 500
*** HOLE CARDS ***
Dealt to Hero [4h 6s]
UTG [ME] : Folds
UTG+1 : Folds
UTG+2 : Folds
Ismael_Quinoa: calls 500 
Leota_Dates: raises 2650 to 2650
Dealer : Folds
Nida_Jicama: calls 2400 
Big Blind : Folds
UTG+3 : Folds
*** FLOP *** [7s 4c 8s]
Nida_Jicama: bets 1200 
Leota_Dates: raises 10780 to 10780
Nida_Jicama: calls 7881 and is all-in
*** TURN *** [7s 4c 8s] [Qd]
*** RIVER *** [7s 4c 8s Qd] [2d]
*** SHOW DOWN ***
Nida_Jicama: shows [Ks Js] (high card King)
Leota_Dates: shows [8h Ah] (a pair of Eights)
Uncalled bet (1699) returned to Leota_Dates
Leota_Dates collected 24862 from pot
Nida_Jicama finished the tournament in 155th place
*** SUMMARY ***
Total pot 24862 | Rake 0
Board [7s 4c 8s Qd 2d]
Seat 1: Nida_Jicama (small blind) showed [Ks Js] and lost with high card King
Seat 2: Harvey_Rambutan (big blind) mucked [7h Ac]
Seat 3: Hero mucked [4h 6s]
Seat 4: Brent_Rutabaga mucked [Th 2s]
Seat 5: Leslie_Peas mucked [Kd 3c]
Seat 6: Ismael_Quinoa mucked [As 9d]
Seat 7: Leota_Dates showed [8h Ah] and won (24862) with a pair of Eights
Seat 8: Paula_Squash (button) mucked [Ts 5c]



PokerStars Hand #3661322864: Tournament #21391319, $20+$2 - Hold'em No Limit (250/500) - 2018/04/06 23:39:26
Table '#18' Seat #1 is the button
Seat 1: Molly_Fennel (10,000 in chips)
Seat 2: Hector_Peppers (9,260 in chips)
Seat 3: Hero (12,819 in chips)
Seat 4: Kathie_Lemon (10,090 in chips)
Seat 5: Beckie_Lavender (17,758 in chips)
Seat 6: Craig_Pears (26,111 in chips)
Seat 7: Ray_Caraway (39,913 in chips)
Seat 8: Debra_Turnips (17,677 in chips)
Molly_Fennel: posts the ante 50
Hector_Peppers: posts the ante 50
Hero: posts the ante 50
Kathie_Lemon: posts the ante 50
Beckie_Lavender: posts the ante 50
Craig_Pears: posts the ante 50
Ray_Caraway: posts the ante 50
Debra_Turnips: posts the ante 50
Hector_Peppers: posts small blind 250
Hero: posts big blind 500
*** HOLE CARDS ***
Dealt to Hero [Qh 6c]
UTG : Folds(timeout)
Beckie_Lavender: calls 500 
UTG+2 : Folds
UTG+3 : Folds
UTG+4 : Folds
Molly_Fennel: calls 500 
Hector_Peppers: raises 8960 to 9210 and is all-in
Big Blind [ME] : Folds
UTG+1 : Folds
Dealer : Folds
Uncalled bet (8710) returned to Hector_Peppers
Hector_Peppers: doesn't show hand
Hector_Peppers collected 2400 from pot
*** SUMMARY ***
Total pot 2400 | Rake 0
Seat 1: Molly_Fennel (button) mucked [3d 3c]
Seat 2: Hector_Peppers (small blind) showed [5h Kh] and won (2400)
Seat 3: Hero (big blind) mucked [Qh 6c]
Seat 4: Kathie_Lemon mucked [2d 6h]
Seat 5: Beckie_Lavender mucked [Qc Js]
Seat 6: Craig_Pears mucked [2s 5c]
Seat 7: Ray_Caraway mucked [3h 9d]
Seat 8: Debra_Turnips mucked [3s 6d]



PokerStars Hand #3661323928: Tournament #21391319, $20+$2 - Hold'em No Limit (250/500) - 2018/04/06 23:41:05
Table '#18' Seat #2 is the button
Seat 1: Joette_Yams (9,450 in chips)
Seat 2: Luther_Parnsip (11,110 in chips)
Seat 3: Hero (12,269 in chips)
Seat 4: Lesley_Wasabi (10,040 in chips)
Seat 5: Tonie_Salak (17,208 in chips)
Seat 6: Carola_Ugli (26,061 in chips)
Seat 7: Robbi_Alfalfa (39,863 in chips)
Seat 8: Qiana_Anise (17,627 in chips)
Joette_Yams: posts the ante 50
Luther_Parnsip: posts the ante 50
Hero: posts the ante 50
Lesley_Wasabi: posts the ante 50
Tonie_Salak: posts the ante 50
Carola_Ugli: posts the ante 50
Robbi_Alfalfa: posts the ante 50
Qiana_Anise: posts the ante 50
Hero: posts small blind 250
Lesley_Wasabi: posts big blind 500
*** HOLE CARDS ***
Dealt to Hero [2s Qs]
UTG : Folds
UTG+1 : Folds
UTG+2 : Folds
UTG+3 : Folds
UTG+4 : Folds
Luther_Parnsip: bets 11060 and is all-in
Small Blind [ME] : Folds
Big Blind : Folds
Uncalled bet (10560) returned to Luther_Parnsip
Luther_Parnsip: doesn't show hand
Luther_Parnsip collected 1650 from pot
*** SUMMARY ***
Total pot 1650 | Rake 0
Seat 1: Joette_Yams mucked [9h Kd]
Seat 2: Luther_Parnsip (button) showed [6d Ah] and won (1650)
Seat 3: Hero (small blind) mucked [2s Qs]
Seat 4: Lesley_Wasabi (big blind) mucked [7s 3h]
Seat 5: Tonie_Salak mucked [7c 8s]
Seat 6: Carola_Ugli mucked [6c 9c]
Seat 7: Robbi_Alfalfa mucked [Jh 8h]
Seat 8: Qiana_Anise mucked [5d 8d]



PokerStars Hand #3661324554: Tournament #21391319, $20+$2 - Hold'em No Limit (300/600) - 2018/04/06 23:42:02
Table '#18' Seat #3 is the button
Seat 1: Pattie_Cayenne (9,400 in chips)
Seat 2: Terri_Plumcot (12,210 in chips)
Seat 3: Hero (11,969 in chips)
Seat 4: Tom_Rhubarb (9,490 in chips)
Seat 5: Jerold_Olive (17,158 in chips)
Seat 6: Merna_Rosemary (26,011 in chips)
Seat 7: Helene_Parsley (39,813 in chips)
Seat 8: Shery_Sage (17,577 in chips)
Pattie_Cayenne: posts the ante 60
Terri_Plumcot: posts the ante 60
Hero: posts the ante 60
Tom_Rhubarb: posts the ante 60
Jerold_Olive: posts the ante 60
Merna_Rosemary: posts the ante 60
Helene_Parsley: posts the ante 60
Shery_Sage: posts the ante 60
Tom_Rhubarb: posts small blind 300
Jerold_Olive: posts big blind 600
*** HOLE CARDS ***
Dealt to Hero [Js 8h]
UTG : Folds
UTG+1 : Folds
UTG+2 : Folds
UTG+3 : Folds
UTG+4 : Folds
Hero: raises 1500 to 1500
Small Blind : Folds
Jerold_Olive: calls 900 
*** FLOP *** [7c Ac 2d]
Big Blind : Checks
Hero: bets 1900 
Jerold_Olive: raises 9480 to 9480
Dealer [ME] : Folds
Uncalled bet (7580) returned to Jerold_Olive
Jerold_Olive: doesn't show hand
Jerold_Olive collected 7580 from pot
*** SUMMARY ***
Total pot 7580 | Rake 0
Board [7c Ac 2d]
Seat 1: Pattie_Cayenne mucked [Qs Th]
Seat 2: Terri_Plumcot mucked [8d 5h]
Seat 3: Hero (button) mucked [Js 8h]
Seat 4: Tom_Rhubarb (small blind) mucked [8c 3d]
Seat 5: Jerold_Olive (big blind) showed [6c Qc] and won (7580)
Seat 6: Merna_Rosemary mucked [4h 6s]
Seat 7: Helene_Parsley mucked [Qd 2c]
Seat 8: Shery_Sage mucked [6h Jh]



PokerStars Hand #3661325232: Tournament #21391319, $20+$2 - Hold'em No Limit (300/600) - 2018/04/06 23:43:05
Table '#18' Seat #4 is the button
Seat 1: Leslee_Leek (9,340 in chips)
Seat 2: China_Rhubarb (12,150 in chips)
Seat 3: Hero (8,509 in chips)
Seat 4: Darrel_Zuchinis (9,130 in chips)
Seat 5: Donita_Soy (21,278 in chips)
Seat 6: Jewel_Dill (25,951 in chips)
Seat 7: Karma_Zuchinis (39,753 in chips)
Seat 8: Hoa_Kiwi (17,517 in chips)
Leslee_Leek: posts the ante 60
China_Rhubarb: posts the ante 60
Hero: posts the ante 60
Darrel_Zuchinis: posts the ante 60
Donita_Soy: posts the ante 60
Jewel_Dill: posts the ante 60
Karma_Zuchinis: posts the ante 60
Hoa_Kiwi: posts the ante 60
Donita_Soy: posts small blind 300
Jewel_Dill: posts big blind 600
*** HOLE CARDS ***
Dealt to Hero [2s Ah]
UTG : Folds
UTG+1 : Folds
UTG+2 : Folds
UTG+3 : Folds
UTG+4 [ME] : Folds
Dealer : Folds
Small Blind : Folds
Jewel_Dill: doesn't show hand
Uncalled bet (600) returned to Jewel_Dill
Jewel_Dill collected 780 from pot
*** SUMMARY ***
Total pot 780 | Rake 0
Seat 1: Leslee_Leek mucked [6c 2h]
Seat 2: China_Rhubarb mucked [Qh 5h]
Seat 3: Hero mucked [2s Ah]
Seat 4: Darrel_Zuchinis (button) mucked [5d 8h]
Seat 5: Donita_Soy (small blind) mucked [5c 3d]
Seat 6: Jewel_Dill (big blind) showed [4h 8d] and won (780)
Seat 7: Karma_Zuchinis mucked [Tc 7c]
Seat 8: Hoa_Kiwi mucked [Jh 7s]



PokerStars Hand #3661325977: Tournament #21391319, $20+$2 - Hold'em No Limit (300/600) - 2018/04/06 23:44:14
Table '#18' Seat #5 is the button
Seat 1: Mirian_Zuchinis (9,280 in chips)
Seat 2: Stefan_Okra (12,090 in chips)
Seat 3: Hero (8,449 in chips)
Seat 4: Idalia_Quinoa (9,070 in chips)
Seat 5: Leda_Ugli (20,918 in chips)
Seat 6: Milly_Habanero (26,671 in chips)
Seat 7: Marion_Sprouts (39,693 in chips)
Seat 8: Delsie_Chives (17,457 in chips)
Mirian_Zuchinis: posts the ante 60
Stefan_Okra: posts the ante 60
Hero: posts the ante 60
Idalia_Quinoa: posts the ante 60
Leda_Ugli: posts the ante 60
Milly_Habanero: posts the ante 60
Marion_Sprouts: posts the ante 60
Delsie_Chives: posts the ante 60
Milly_Habanero: posts small blind 300
Marion_Sprouts: posts big blind 600
*** HOLE CARDS ***
Dealt to Hero [6s 9c]
UTG : Folds
UTG+1 : Folds
UTG+2 : Folds
UTG+3 [ME] : Folds
Idalia_Quinoa: raises 2580 to 2580
Dealer : Folds
Milly_Habanero: raises 10860 to 11160
Big Blind : Folds
Idalia_Quinoa: calls 6430 and is all-in
*** FLOP *** [Qc 9s Jh]
*** TURN *** [Qc 9s Jh] [8h]
*** RIVER *** [Qc 9s Jh 8h] [7h]
*** SHOW DOWN ***
Idalia_Quinoa: shows [Jc Jd] (three of a kind, Jacks)
Milly_Habanero: shows [Ts As] (a straight, Eight to Queen)
Uncalled bet (2150) returned to Milly_Habanero
Milly_Habanero collected 19100 from pot
Idalia_Quinoa finished the tournament in 148th place
*** SUMMARY ***
Total pot 19100 | Rake 0
Board [Qc 9s Jh 8h 7h]
Seat 1: Mirian_Zuchinis mucked [7d Tc]
Seat 2: Stefan_Okra mucked [Kh 4h]
Seat 3: Hero mucked [6s 9c]
Seat 4: Idalia_Quinoa showed [Jc Jd] and lost with three of a kind, Jacks
Seat 5: Leda_Ugli (button) mucked [3h Kc]
Seat 6: Milly_Habanero (small blind) showed [Ts As] and won (19100) with a straight, Eight to Queen
Seat 7: Marion_Sprouts (big blind) mucked [Ac 9h]
Seat 8: Delsie_Chives mucked [5c 8s]



PokerStars Hand #3661326713: Tournament #21391319, $20+$2 - Hold'em No Limit (300/600) - 2018/04/06 23:45:23
Table '#18' Seat #5 is the button
Seat 1: Un_Parsley (9,220 in chips)
Seat 2: Kiana_Peas (12,030 in chips)
Seat 3: Hero (8,389 in chips)
Seat 4: Mason_Guava (20,858 in chips)
Seat 5: Cecile_Radish (36,701 in chips)
Seat 6: Fran_Sage (39,033 in chips)
Seat 7: Althea_Bok Choy (17,397 in chips)
Un_Parsley: posts the ante 60
Kiana_Peas: posts the ante 60
Hero: posts the ante 60
Mason_Guava: posts the ante 60
Cecile_Radish: posts the ante 60
Fran_Sage: posts the ante 60
Althea_Bok Choy: posts the ante 60
Fran_Sage: posts small blind 300
Althea_Bok Choy: posts big blind 600
*** HOLE CARDS ***
Dealt to Hero [9h 2c]
UTG : Folds
UTG+1 : Folds
UTG+2 [ME] : Folds
Mason_Guava: calls 600 
Dealer : Folds
Fran_Sage: calls 300 
Big Blind : Checks
*** FLOP *** [Ac 7c 3c]
Small Blind : Checks
Big Blind : Checks
UTG+3 : Checks
*** TURN *** [Ac 7c 3c] [Ah]
Small Blind : Checks
Big Blind : Checks
UTG+3 : Checks
*** RIVER *** [Ac 7c 3c Ah] [Jd]
Small Blind : Checks
Big Blind : Checks
UTG+3 : Checks
*** SHOW DOWN ***
Fran_Sage: shows [6s Ts] (a pair of Aces)
Althea_Bok Choy: shows [3s 8c] (two pair, Aces and Threes)
Mason_Guava: Mucks [5h 6h] (One pair)
Althea_Bok Choy collected 2220 from pot
*** SUMMARY ***
Total pot 2220 | Rake 0
Board [Ac 7c 3c Ah Jd]
Seat 1: Un_Parsley mucked [Kc 2s]
Seat 2: Kiana_Peas mucked [6d Qh]
Seat 3: Hero mucked [9h 2c]
Seat 4: Mason_Guava mucked [5h 6h]
Seat 5: Cecile_Radish (button) mucked [5d Qs]
Seat 6: Fran_Sage (small blind) showed [6s Ts] and lost with a pair of Aces
Seat 7: Althea_Bok Choy (big blind) showed [3s 8c] and won (2220) with two pair, Aces and Threes



PokerStars Hand #3661327504: Tournament #21391319, $20+$2 - Hold'em No Limit (300/600) - 2018/04/06 23:46:35
Table '#18' Seat #7 is the button
Seat 1: Noel_Lettuce (9,160 in chips)
Seat 2: Dong_Cayenne (11,970 in chips)
Seat 3: Hero (8,329 in chips)
Seat 4: Miesha_Pomelo (10,000 in chips)
Seat 5: Jovan_Tomatoes (20,198 in chips)
Seat 6: Etta_Cherry (36,641 in chips)
Seat 7: Nancey_Paprika (38,373 in chips)
Seat 8: Mike_Arugula (18,957 in chips)
Noel_Lettuce: posts the ante 60
Dong_Cayenne: posts the ante 60
Hero: posts the ante 60
Miesha_Pomelo: posts the ante 60
Jovan_Tomatoes: posts the ante 60
Etta_Cherry: posts the ante 60
Nancey_Paprika: posts the ante 60
Mike_Arugula: posts the ante 60
Mike_Arugula: posts small blind 300
Noel_Lettuce: posts big blind 600
*** HOLE CARDS ***
Dealt to Hero [3s 5s]
UTG : Folds
UTG+1 [ME] : Folds
UTG+2 : Folds
UTG+3 : Folds
Etta_Cherry: calls 600 
Nancey_Paprika: raises 3011 to 3011
Small Blind : Folds
Big Blind : Folds
UTG+4 : Folds
Uncalled bet (2411) returned to Nancey_Paprika
Nancey_Paprika: doesn't show hand
Nancey_Paprika collected 2580 from pot
*** SUMMARY ***
Total pot 2580 | Rake 0
Seat 1: Noel_Lettuce (big blind) mucked [Td 9s]
Seat 2: Dong_Cayenne mucked [Js Qd]
Seat 3: Hero mucked [3s 5s]
Seat 4: Miesha_Pomelo mucked [2s Tc]
Seat 5: Jovan_Tomatoes mucked [4d Ah]
Seat 6: Etta_Cherry mucked [7s Qs]
Seat 7: Nancey_Paprika (button) showed [Qh Jh] and won (2580)
Seat 8: Mike_Arugula (small blind) mucked [2c 5c]



PokerStars Hand #3661328383: Tournament #21391319, $20+$2 - Hold'em No Limit (300/600) - 2018/04/06 23:47:59
Table '#18' Seat #9 is the button
Seat 1: Rickie_Avocados (8,500 in chips)
Seat 2: Apryl_Mango (11,910 in chips)
Seat 3: Hero (8,269 in chips)
Seat 4: Ha_Celery (9,940 in chips)
Seat 5: Aaron_Radish (20,138 in chips)
Seat 6: Fumiko_Parnsip (10,000 in chips)
Seat 7: Felice_Celery (35,981 in chips)
Seat 8: Joi_Cayenne (40,293 in chips)
Seat 9: Bobbye_Orange (18,597 in chips)
Rickie_Avocados: posts the ante 60
Apryl_Mango: posts the ante 60
Hero: posts the ante 60
Ha_Celery: posts the ante 60
Aaron_Radish: posts the ante 60
Fumiko_Parnsip: posts the ante 60
Felice_Celery: posts the ante 60
Joi_Cayenne: posts the ante 60
Bobbye_Orange: posts the ante 60
Rickie_Avocados: posts small blind 300
Apryl_Mango: posts big blind 600
*** HOLE CARDS ***
Dealt to Hero [Qh 9h]
Hero: bets 8209 and is all-in
UTG+1 : Folds
UTG+2 : Folds
UTG+3 : Folds
UTG+4 : Folds
Joi_Cayenne: calls 8209 
Dealer : Folds
Small Blind : Folds
Big Blind : Folds
*** FLOP *** [3s 2s Ah]
*** TURN *** [3s 2s Ah] [8s]
*** RIVER *** [3s 2s Ah 8s] [8d]
*** SHOW DOWN ***
Hero: shows [Qh 9h] (a pair of Eights)
Joi_Cayenne: shows [Ac Ad] (a full house, Aces full of Eights)
Joi_Cayenne collected 17858 from pot
Hero finished the tournament in 139th place
*** SUMMARY ***
Total pot 17858 | Rake 0
Board [3s 2s Ah 8s 8d]
Seat 1: Rickie_Avocados (small blind) mucked [Th 5h]
Seat 2: Apryl_Mango (big blind) mucked [Kc 5s]
Seat 3: Hero showed [Qh 9h] and lost with a pair of Eights
Seat 4: Ha_Celery mucked [Tc Kh]
Seat 5: Aaron_Radish mucked [2d 7d]
Seat 6: Fumiko_Parnsip mucked [6s 3c]
Seat 7: Felice_Celery mucked [Ks 9s]
Seat 8: Joi_Cayenne showed [Ac Ad] and won (17858) with a full house, Aces full of Eights
Seat 9: Bobbye_Orange (button) mucked [4h Qc]




