PokerStars Hand #3591328376: Hold'em No Limit ($0.05/$0.10) - 2018/04/11 2:46:54
Table '#14913699' 6-max Seat #1 is the button
Seat 1: PLR_3214407NL ($18.55 in chips)
Seat 2: PLR_7352324LL ($25.89 in chips)
Seat 3: PLR_4789808ES ($2.90 in chips)
Seat 4: PLR_9093076JT ($10.88 in chips)
Seat 5: Hero ($10 in chips)
Seat 6: PLR_1234321QB ($11.90 in chips)
PLR_7352324LL: posts small blind $0.05
PLR_4789808ES: posts big blind $0.10
Hero: posts big blind $0.10
*** HOLE CARDS ***
Dealt to Hero [3d 2h]
PLR_9093076JT: calls $0.10 
Hero: checks
PLR_1234321QB: calls $0.10 
PLR_3214407NL: raises $0.20 to $0.20
PLR_7352324LL: calls $0.15 
PLR_4789808ES: calls $0.10 
PLR_9093076JT: calls $0.10 
Hero: calls $0.10 
PLR_1234321QB: calls $0.10 
*** FLOP *** [Th As 3s]
PLR_7352324LL: checks
PLR_4789808ES: checks
PLR_9093076JT: checks
Hero: checks
PLR_1234321QB: checks
PLR_3214407NL: bets $0.20 
PLR_7352324LL: folds
PLR_4789808ES: folds
PLR_9093076JT: folds
Hero: calls $0.20 
PLR_1234321QB: folds
*** TURN *** [Th As 3s] [4s]
Hero: checks
PLR_3214407NL: bets $0.30 
Hero: calls $0.30 
*** RIVER *** [Th As 3s 4s] [Qd]
Hero: checks
PLR_3214407NL: checks
*** SHOW DOWN ***
Hero: shows [3d 2h] (a pair of Threes)
PLR_3214407NL: shows [Qs Jh] (a pair of Queens)
PLR_3214407NL collected $2.09 from pot
*** SUMMARY ***
Total pot $2.2 | Rake $0.11
Board [Th As 3s 4s Qd]
Seat 1: PLR_3214407NL (button) showed [Qs Jh] and won ($2.09) with a pair of Queens
Seat 2: PLR_7352324LL (small blind) mucked
Seat 3: PLR_4789808ES (big blind) mucked
Seat 4: PLR_9093076JT mucked
Seat 5: Hero showed [3d 2h] and lost with a pair of Threes
Seat 6: PLR_1234321QB mucked



PokerStars Hand #3591328733: Hold'em No Limit ($0.05/$0.10) - 2018/04/11 2:48:09
Table '#14913699' 6-max Seat #2 is the button
Seat 1: PLR_3214407NL ($19.94 in chips)
Seat 2: PLR_7352324LL ($25.69 in chips)
Seat 3: PLR_4789808ES ($2.70 in chips)
Seat 4: PLR_9093076JT ($10.68 in chips)
Seat 5: Hero ($9.30 in chips)
Seat 6: PLR_1234321QB ($11.70 in chips)
PLR_4789808ES: posts small blind $0.05
PLR_9093076JT: posts big blind $0.10
*** HOLE CARDS ***
Dealt to Hero [Th Js]
Hero: folds
PLR_1234321QB: raises $0.30 to $0.30
PLR_3214407NL: folds
PLR_7352324LL: folds
PLR_4789808ES: calls $0.25 
PLR_9093076JT: folds
*** FLOP *** [Qd 6s Ah]
PLR_4789808ES: checks
PLR_1234321QB: bets $0.30 
PLR_4789808ES: folds
Uncalled bet ($0.30) returned to PLR_1234321QB
PLR_1234321QB: doesn't show hand
PLR_1234321QB collected $0.67 from pot
*** SUMMARY ***
Total pot $0.7 | Rake $0.03
Board [Qd 6s Ah]
Seat 1: PLR_3214407NL mucked
Seat 2: PLR_7352324LL (button) mucked
Seat 3: PLR_4789808ES (small blind) mucked
Seat 4: PLR_9093076JT (big blind) mucked
Seat 5: Hero mucked
Seat 6: PLR_1234321QB won ($0.67)



PokerStars Hand #3591328926: Hold'em No Limit ($0.05/$0.10) - 2018/04/11 2:48:49
Table '#14913699' 6-max Seat #3 is the button
Seat 1: PLR_3214407NL ($19.94 in chips)
Seat 2: PLR_7352324LL ($25.69 in chips)
Seat 3: PLR_4789808ES ($2.40 in chips)
Seat 4: PLR_9093076JT ($10.58 in chips)
Seat 5: Hero ($9.30 in chips)
Seat 6: PLR_1234321QB ($12.07 in chips)
PLR_9093076JT: posts small blind $0.05
Hero: posts big blind $0.10
*** HOLE CARDS ***
Dealt to Hero [3h 5d]
PLR_1234321QB: raises $0.30 to $0.30
PLR_3214407NL: folds
PLR_7352324LL: folds
PLR_4789808ES: folds
PLR_9093076JT: folds
Hero: calls $0.20 
*** FLOP *** [7s 6s 3c]
Hero: checks
PLR_1234321QB: checks
*** TURN *** [7s 6s 3c] [2h]
Hero: bets $0.40 
PLR_1234321QB: calls $0.40 
*** RIVER *** [7s 6s 3c 2h] [Kh]
Hero: checks
PLR_1234321QB: bets $0.70 
Hero: calls $0.70 
*** SHOW DOWN ***
PLR_1234321QB: shows [Kd Jd] (a pair of Kings)
Hero: Mucks [3h 5d] (One pair)
PLR_1234321QB collected $2.71 from pot
*** SUMMARY ***
Total pot $2.85 | Rake $0.14
Board [7s 6s 3c 2h Kh]
Seat 1: PLR_3214407NL mucked
Seat 2: PLR_7352324LL mucked
Seat 3: PLR_4789808ES (button) mucked
Seat 4: PLR_9093076JT (small blind) mucked
Seat 5: Hero (big blind) mucked [3h 5d]
Seat 6: PLR_1234321QB showed [Kd Jd] and won ($2.71) with a pair of Kings



PokerStars Hand #3591329226: Hold'em No Limit ($0.05/$0.10) - 2018/04/11 2:49:54
Table '#14913699' 6-max Seat #4 is the button
Seat 1: PLR_3214407NL ($19.94 in chips)
Seat 2: PLR_7352324LL ($25.69 in chips)
Seat 3: PLR_4789808ES ($2.40 in chips)
Seat 4: PLR_9093076JT ($10.53 in chips)
Seat 5: Hero ($7.90 in chips)
Seat 6: PLR_1234321QB ($13.38 in chips)
Hero: posts small blind $0.05
PLR_1234321QB: posts big blind $0.10
*** HOLE CARDS ***
Dealt to Hero [Tc 5s]
PLR_3214407NL: folds
PLR_7352324LL: raises $0.30 to $0.30
PLR_4789808ES: calls $0.30 
PLR_9093076JT: folds
Hero: folds
PLR_1234321QB: folds
*** FLOP *** [Jc 8c Kd]
PLR_7352324LL: bets $0.37 
PLR_4789808ES: calls $0.37 
*** TURN *** [Jc 8c Kd] [Qs]
PLR_7352324LL: bets $0.74 
PLR_4789808ES: calls $0.74 
*** RIVER *** [Jc 8c Kd Qs] [2h]
PLR_7352324LL: checks
PLR_4789808ES: checks
*** SHOW DOWN ***
PLR_7352324LL: shows [Ac Ks] (a pair of Kings)
PLR_4789808ES: Mucks [Js Ts] (One pair)
PLR_7352324LL collected $2.83 from pot
*** SUMMARY ***
Total pot $2.97 | Rake $0.14
Board [Jc 8c Kd Qs 2h]
Seat 1: PLR_3214407NL mucked
Seat 2: PLR_7352324LL showed [Ac Ks] and won ($2.83) with a pair of Kings
Seat 3: PLR_4789808ES mucked [Js Ts]
Seat 4: PLR_9093076JT (button) mucked
Seat 5: Hero (small blind) mucked
Seat 6: PLR_1234321QB (big blind) mucked



PokerStars Hand #3591329548: Hold'em No Limit ($0.05/$0.10) - 2018/04/11 2:51:02
Table '#14913699' 6-max Seat #5 is the button
Seat 1: PLR_3214407NL ($19.94 in chips)
Seat 2: PLR_7352324LL ($27.11 in chips)
Seat 3: PLR_4789808ES ($0.99 in chips)
Seat 4: PLR_9093076JT ($10.53 in chips)
Seat 5: Hero ($7.85 in chips)
Seat 6: PLR_1234321QB ($13.28 in chips)
PLR_1234321QB: posts small blind $0.05
PLR_3214407NL: posts big blind $0.10
*** HOLE CARDS ***
Dealt to Hero [5s 7h]
PLR_7352324LL: folds
PLR_4789808ES: folds
PLR_9093076JT: calls $0.10 
Hero: folds
PLR_1234321QB: folds
PLR_3214407NL: checks
*** FLOP *** [5h Kh 2s]
PLR_3214407NL: bets $0.10 
PLR_9093076JT: folds
Uncalled bet ($0.10) returned to PLR_3214407NL
PLR_3214407NL: doesn't show hand
PLR_3214407NL collected $0.24 from pot
*** SUMMARY ***
Total pot $0.25 | Rake $0.01
Board [5h Kh 2s]
Seat 1: PLR_3214407NL (big blind) won ($0.24)
Seat 2: PLR_7352324LL mucked
Seat 3: PLR_4789808ES mucked
Seat 4: PLR_9093076JT mucked
Seat 5: Hero (button) mucked
Seat 6: PLR_1234321QB (small blind) mucked



PokerStars Hand #3591329694: Hold'em No Limit ($0.05/$0.10) - 2018/04/11 2:51:34
Table '#14913699' 6-max Seat #6 is the button
Seat 1: PLR_3214407NL ($20.08 in chips)
Seat 2: PLR_7352324LL ($27.11 in chips)
Seat 3: PLR_4789808ES ($0.99 in chips)
Seat 4: PLR_9093076JT ($10.43 in chips)
Seat 5: Hero ($7.85 in chips)
Seat 6: PLR_1234321QB ($13.23 in chips)
PLR_3214407NL: posts small blind $0.05
PLR_7352324LL: posts big blind $0.10
*** HOLE CARDS ***
Dealt to Hero [Qd 3c]
PLR_4789808ES: bets $0.99 and is all-in
PLR_9093076JT: folds
Hero: folds
PLR_1234321QB: folds
PLR_3214407NL: folds
PLR_7352324LL: calls $0.89 
*** FLOP *** [3h 6c Js]
*** TURN *** [3h 6c Js] [Qs]
*** RIVER *** [3h 6c Js Qs] [9s]
*** SHOW DOWN ***
PLR_7352324LL: shows [3d 7h] (a pair of Threes)
PLR_4789808ES: shows [Jh Jd] (three of a kind, Jacks)
PLR_4789808ES collected $1.93 from pot
*** SUMMARY ***
Total pot $2.03 | Rake $0.10
Board [3h 6c Js Qs 9s]
Seat 1: PLR_3214407NL (small blind) mucked [Ad 6d]
Seat 2: PLR_7352324LL (big blind) showed [3d 7h] and lost with a pair of Threes
Seat 3: PLR_4789808ES showed [Jh Jd] and won ($1.93) with three of a kind, Jacks
Seat 4: PLR_9093076JT mucked
Seat 5: Hero mucked
Seat 6: PLR_1234321QB (button) mucked



PokerStars Hand #3591329853: Hold'em No Limit ($0.05/$0.10) - 2018/04/11 2:52:03
Table '#14913699' 6-max Seat #6 is the button
Seat 2: PLR_7352324LL ($26.12 in chips)
Seat 3: PLR_4789808ES ($1.93 in chips)
Seat 4: PLR_9093076JT ($10.43 in chips)
Seat 5: Hero ($7.85 in chips)
Seat 6: PLR_1234321QB ($13.23 in chips)
PLR_7352324LL: posts small blind $0.05
PLR_4789808ES: posts big blind $0.10
*** HOLE CARDS ***
Dealt to Hero [4d Qd]
PLR_9093076JT: folds
Hero: folds
PLR_1234321QB: folds
PLR_7352324LL: raises $0.25 to $0.30
PLR_4789808ES: folds
Uncalled bet ($0.20) returned to PLR_7352324LL
PLR_7352324LL: doesn't show hand
PLR_7352324LL collected $0.2 from pot
*** SUMMARY ***
Total pot $0.2 | Rake $0.00
Seat 2: PLR_7352324LL (small blind) won ($0.2)
Seat 3: PLR_4789808ES (big blind) mucked
Seat 4: PLR_9093076JT mucked
Seat 5: Hero mucked
Seat 6: PLR_1234321QB (button) mucked



PokerStars Hand #3591329970: Hold'em No Limit ($0.05/$0.10) - 2018/04/11 2:52:27
Table '#14913699' 6-max Seat #2 is the button
Seat 2: PLR_7352324LL ($26.22 in chips)
Seat 3: PLR_4789808ES ($1.83 in chips)
Seat 4: PLR_9093076JT ($10.43 in chips)
Seat 5: Hero ($7.85 in chips)
Seat 6: PLR_1234321QB ($13.23 in chips)
PLR_4789808ES: posts small blind $0.05
PLR_9093076JT: posts big blind $0.10
*** HOLE CARDS ***
Dealt to Hero [4d 4s]
Seat sit down
Table deposit $10 
Hero: raises $0.30 to $0.30
PLR_1234321QB: calls $0.30 
PLR_7352324LL: folds
PLR_4789808ES: folds
PLR_9093076JT: calls $0.20 
*** FLOP *** [7s Ac 5d]
PLR_9093076JT: checks
Hero: bets $0.60 
PLR_1234321QB: folds
PLR_9093076JT: folds
Uncalled bet ($0.60) returned to Hero
Hero: doesn't show hand
Hero collected $0.91 from pot
*** SUMMARY ***
Total pot $0.95 | Rake $0.04
Board [7s Ac 5d]
Seat 2: PLR_7352324LL (button) mucked
Seat 3: PLR_4789808ES (small blind) mucked
Seat 4: PLR_9093076JT (big blind) mucked
Seat 5: Hero won ($0.91)
Seat 6: PLR_1234321QB mucked



PokerStars Hand #3591330243: Hold'em No Limit ($0.05/$0.10) - 2018/04/11 2:53:25
Table '#14913699' 6-max Seat #3 is the button
Seat 2: PLR_7352324LL ($26.22 in chips)
Seat 3: PLR_4789808ES ($1.78 in chips)
Seat 4: PLR_9093076JT ($10.13 in chips)
Seat 5: Hero ($8.46 in chips)
Seat 6: PLR_1234321QB ($12.93 in chips)
PLR_9093076JT: posts small blind $0.05
Hero: posts big blind $0.10
*** HOLE CARDS ***
Dealt to Hero [7s 2s]
PLR_1234321QB: raises $0.30 to $0.30
PLR_7352324LL: folds
PLR_4789808ES: calls $0.30 
PLR_9093076JT: folds
Hero: folds
*** FLOP *** [3c 8d 8c]
PLR_1234321QB: checks
PLR_4789808ES: checks
*** TURN *** [3c 8d 8c] [8s]
PLR_1234321QB: checks
PLR_4789808ES: checks
*** RIVER *** [3c 8d 8c 8s] [9h]
PLR_1234321QB: checks
PLR_4789808ES: checks
*** SHOW DOWN ***
PLR_1234321QB: shows [Ts Ks] (three of a kind, Eights)
PLR_4789808ES: Mucks [Qh Jd] (Three of a kind)
PLR_1234321QB collected $0.72 from pot
*** SUMMARY ***
Total pot $0.75 | Rake $0.03
Board [3c 8d 8c 8s 9h]
Seat 2: PLR_7352324LL mucked
Seat 3: PLR_4789808ES (button) mucked [Qh Jd]
Seat 4: PLR_9093076JT (small blind) mucked
Seat 5: Hero (big blind) mucked
Seat 6: PLR_1234321QB showed [Ts Ks] and won ($0.72) with three of a kind, Eights



PokerStars Hand #3591330647: Hold'em No Limit ($0.05/$0.10) - 2018/04/11 2:54:44
Table '#14913699' 6-max Seat #4 is the button
Seat 2: PLR_7352324LL ($26.22 in chips)
Seat 3: PLR_4789808ES ($1.48 in chips)
Seat 4: PLR_9093076JT ($10.08 in chips)
Seat 5: Hero ($8.36 in chips)
Seat 6: PLR_1234321QB ($13.35 in chips)
Hero: posts small blind $0.05
PLR_1234321QB: posts big blind $0.10
*** HOLE CARDS ***
Dealt to Hero [6c 3c]
PLR_7352324LL: folds
PLR_4789808ES: folds
PLR_9093076JT: calls $0.10 
Hero: calls $0.05 
PLR_1234321QB: checks
*** FLOP *** [4d 6d Ks]
Hero: checks
PLR_1234321QB: checks
PLR_9093076JT: bets $0.30 
Hero: calls $0.30 
PLR_1234321QB: folds
*** TURN *** [4d 6d Ks] [Js]
Hero: checks
PLR_9093076JT: bets $0.90 
Hero: folds
Uncalled bet ($0.90) returned to PLR_9093076JT
PLR_9093076JT: doesn't show hand
PLR_9093076JT collected $0.86 from pot
*** SUMMARY ***
Total pot $0.9 | Rake $0.04
Board [4d 6d Ks Js]
Seat 2: PLR_7352324LL mucked
Seat 3: PLR_4789808ES mucked
Seat 4: PLR_9093076JT (button) won ($0.86)
Seat 5: Hero (small blind) mucked
Seat 6: PLR_1234321QB (big blind) mucked



PokerStars Hand #3591330855: Hold'em No Limit ($0.05/$0.10) - 2018/04/11 2:55:26
Table '#14913699' 6-max Seat #5 is the button
Seat 1: PLR_6636087XM ($10 in chips)
Seat 2: PLR_7352324LL ($26.22 in chips)
Seat 3: PLR_4789808ES ($1.48 in chips)
Seat 4: PLR_9093076JT ($10.54 in chips)
Seat 5: Hero ($7.96 in chips)
Seat 6: PLR_1234321QB ($13.25 in chips)
PLR_1234321QB: posts small blind $0.05
PLR_6636087XM: posts big blind $0.10
*** HOLE CARDS ***
Dealt to Hero [Qh Qs]
PLR_7352324LL: raises $0.30 to $0.30
PLR_4789808ES: calls $0.30 
PLR_9093076JT: calls $0.30 
Hero: raises $1.50 to $1.50
PLR_1234321QB: folds
PLR_6636087XM: folds
PLR_7352324LL: folds
PLR_4789808ES: calls $1.18 and is all-in
PLR_9093076JT: folds
*** FLOP *** [Qc 6h 5h]
*** TURN *** [Qc 6h 5h] [3d]
*** RIVER *** [Qc 6h 5h 3d] [4d]
*** SHOW DOWN ***
PLR_4789808ES: shows [Jh Th] (high card Queen)
Hero: shows [Qh Qs] (three of a kind, Queens)
Uncalled bet ($0.02) returned to Hero
Hero collected $3.53 from pot
*** SUMMARY ***
Total pot $3.71 | Rake $0.18
Board [Qc 6h 5h 3d 4d]
Seat 1: PLR_6636087XM (big blind) mucked
Seat 2: PLR_7352324LL mucked
Seat 3: PLR_4789808ES showed [Jh Th-Qc Jh Th 6h 5h] and lost with high card Jack
Seat 4: PLR_9093076JT mucked
Seat 5: Hero (button) showed [Qh Qs] and won ($3.53) with three of a kind, Queens
Seat 6: PLR_1234321QB (small blind) mucked



PokerStars Hand #3591331157: Hold'em No Limit ($0.05/$0.10) - 2018/04/11 2:56:27
Table '#14913699' 6-max Seat #6 is the button
Seat 1: PLR_6636087XM ($9.90 in chips)
Seat 2: PLR_7352324LL ($25.92 in chips)
Seat 4: PLR_9093076JT ($10.24 in chips)
Seat 5: Hero ($10.01 in chips)
Seat 6: PLR_1234321QB ($13.20 in chips)
PLR_6636087XM: posts small blind $0.05
PLR_7352324LL: posts big blind $0.10
*** HOLE CARDS ***
Dealt to Hero [Qd 6d]
PLR_9093076JT: folds
Table leave user
Hero: raises $0.30 to $0.30
PLR_1234321QB: folds
PLR_6636087XM: folds
PLR_7352324LL: calls $0.20 
*** FLOP *** [2d 9d 8c]
PLR_7352324LL: checks
Hero: bets $0.33 
PLR_7352324LL: calls $0.33 
*** TURN *** [2d 9d 8c] [4c]
PLR_7352324LL: checks
Hero: checks
*** RIVER *** [2d 9d 8c 4c] [Td]
PLR_7352324LL: checks
Hero: bets $1 
PLR_7352324LL: calls $1 
*** SHOW DOWN ***
Hero: shows [Qd 6d] (a flush, Queen high)
PLR_7352324LL: Mucks [Kh 9c] (One pair)
Hero collected $3.15 from pot
Seat sit down
Table deposit $5 
*** SUMMARY ***
Total pot $3.31 | Rake $0.16
Board [2d 9d 8c 4c Td]
Seat 1: PLR_6636087XM (small blind) mucked
Seat 2: PLR_7352324LL (big blind) mucked [Kh 9c]
Seat 4: PLR_9093076JT mucked
Seat 5: Hero showed [Qd 6d] and won ($3.15) with a flush, Queen high
Seat 6: PLR_1234321QB (button) mucked



PokerStars Hand #3591331488: Hold'em No Limit ($0.05/$0.10) - 2018/04/11 2:57:36
Table '#14913699' 6-max Seat #1 is the button
Seat 1: PLR_6636087XM ($9.85 in chips)
Seat 2: PLR_7352324LL ($24.29 in chips)
Seat 3: PLR_4789808ES ($5 in chips)
Seat 4: PLR_9093076JT ($10.24 in chips)
Seat 5: Hero ($11.53 in chips)
Seat 6: PLR_1234321QB ($13.20 in chips)
PLR_7352324LL: posts small blind $0.05
PLR_4789808ES: posts big blind $0.10
*** HOLE CARDS ***
Dealt to Hero [9d Ks]
PLR_9093076JT: calls $0.10 
Hero: folds
PLR_1234321QB: raises $0.30 to $0.30
PLR_6636087XM: folds
PLR_7352324LL: calls $0.25 
PLR_4789808ES: folds
PLR_9093076JT: calls $0.20 
*** FLOP *** [Js Qh Ts]
PLR_7352324LL: checks
PLR_9093076JT: checks
PLR_1234321QB: checks
*** TURN *** [Js Qh Ts] [Qs]
PLR_7352324LL: checks
PLR_9093076JT: bets $1 
PLR_1234321QB: calls $1 
PLR_7352324LL: folds
*** RIVER *** [Js Qh Ts Qs] [7c]
PLR_9093076JT: bets $8.94 and is all-in
PLR_1234321QB: folds
Uncalled bet ($8.94) returned to PLR_9093076JT
PLR_9093076JT: doesn't show hand
PLR_9093076JT collected $2.85 from pot
*** SUMMARY ***
Total pot $3 | Rake $0.15
Board [Js Qh Ts Qs 7c]
Seat 1: PLR_6636087XM (button) mucked
Seat 2: PLR_7352324LL (small blind) mucked
Seat 3: PLR_4789808ES (big blind) mucked
Seat 4: PLR_9093076JT won ($2.85)
Seat 5: Hero mucked
Seat 6: PLR_1234321QB mucked



PokerStars Hand #3591331872: Hold'em No Limit ($0.05/$0.10) - 2018/04/11 2:58:56
Table '#14913699' 6-max Seat #2 is the button
Seat 1: PLR_6636087XM ($9.85 in chips)
Seat 2: PLR_7352324LL ($23.99 in chips)
Seat 3: PLR_4789808ES ($4.90 in chips)
Seat 4: PLR_9093076JT ($11.79 in chips)
Seat 5: Hero ($11.53 in chips)
Seat 6: PLR_1234321QB ($11.90 in chips)
PLR_4789808ES: posts small blind $0.05
PLR_9093076JT: posts big blind $0.10
*** HOLE CARDS ***
Dealt to Hero [Kh Ks]
Hero: raises $0.30 to $0.30
PLR_1234321QB: calls $0.30 
PLR_6636087XM: folds
PLR_7352324LL: calls $0.30 
PLR_4789808ES: folds
PLR_9093076JT: calls $0.20 
*** FLOP *** [Th 9h Qs]
PLR_9093076JT: checks
Hero: checks
PLR_1234321QB: checks
PLR_7352324LL: checks
*** TURN *** [Th 9h Qs] [4h]
PLR_9093076JT: checks
Hero: bets $1 
PLR_1234321QB: folds
PLR_7352324LL: folds
PLR_9093076JT: folds
Uncalled bet ($1) returned to Hero
Hero: doesn't show hand
Hero collected $1.19 from pot
*** SUMMARY ***
Total pot $1.25 | Rake $0.06
Board [Th 9h Qs 4h]
Seat 1: PLR_6636087XM mucked
Seat 2: PLR_7352324LL (button) mucked
Seat 3: PLR_4789808ES (small blind) mucked
Seat 4: PLR_9093076JT (big blind) mucked
Seat 5: Hero won ($1.19)
Seat 6: PLR_1234321QB mucked



PokerStars Hand #3591332220: Hold'em No Limit ($0.05/$0.10) - 2018/04/11 3:00:03
Table '#14913699' 6-max Seat #3 is the button
Seat 1: PLR_6636087XM ($9.85 in chips)
Seat 2: PLR_7352324LL ($23.69 in chips)
Seat 3: PLR_4789808ES ($4.85 in chips)
Seat 4: PLR_9093076JT ($11.49 in chips)
Seat 5: Hero ($12.42 in chips)
Seat 6: PLR_1234321QB ($11.60 in chips)
PLR_9093076JT: posts small blind $0.05
Hero: posts big blind $0.10
*** HOLE CARDS ***
Dealt to Hero [2h 7s]
PLR_1234321QB: raises $0.30 to $0.30
PLR_6636087XM: folds
PLR_7352324LL: folds
PLR_4789808ES: folds
PLR_9093076JT: calls $0.25 
Hero: folds
*** FLOP *** [4s Jc Qc]
PLR_9093076JT: checks
PLR_1234321QB: bets $0.43 
PLR_9093076JT: folds
Uncalled bet ($0.43) returned to PLR_1234321QB
PLR_1234321QB: doesn't show hand
PLR_1234321QB collected $0.67 from pot
*** SUMMARY ***
Total pot $0.7 | Rake $0.03
Board [4s Jc Qc]
Seat 1: PLR_6636087XM mucked
Seat 2: PLR_7352324LL mucked
Seat 3: PLR_4789808ES (button) mucked
Seat 4: PLR_9093076JT (small blind) mucked
Seat 5: Hero (big blind) mucked
Seat 6: PLR_1234321QB won ($0.67)



PokerStars Hand #3591332411: Hold'em No Limit ($0.05/$0.10) - 2018/04/11 3:00:44
Table '#14913699' 6-max Seat #4 is the button
Seat 1: PLR_6636087XM ($9.85 in chips)
Seat 2: PLR_7352324LL ($23.69 in chips)
Seat 3: PLR_4789808ES ($4.85 in chips)
Seat 4: PLR_9093076JT ($11.19 in chips)
Seat 5: Hero ($12.32 in chips)
Seat 6: PLR_1234321QB ($11.97 in chips)
Hero: posts small blind $0.05
PLR_1234321QB: posts big blind $0.10
*** HOLE CARDS ***
Dealt to Hero [6h 9h]
PLR_6636087XM: raises $0.30 to $0.30
PLR_7352324LL: folds
PLR_4789808ES: calls $0.30 
PLR_9093076JT: folds
Hero: calls $0.25 
PLR_1234321QB: calls $0.20 
*** FLOP *** [5c 7d 5d]
Hero: checks
PLR_1234321QB: checks
PLR_6636087XM: checks
PLR_4789808ES: checks
*** TURN *** [5c 7d 5d] [6d]
Hero: checks
PLR_1234321QB: checks
PLR_6636087XM: bets $0.70 
PLR_4789808ES: folds
Hero: calls $0.70 
PLR_1234321QB: folds
*** RIVER *** [5c 7d 5d 6d] [Kh]
Hero: checks
PLR_6636087XM: bets $1.50 
Hero: calls $1.50 
*** SHOW DOWN ***
PLR_6636087XM: shows [Ad 2d] (a flush, Ace high)
Hero: Mucks [6h 9h] (Two pair)
PLR_6636087XM collected $5.32 from pot
*** SUMMARY ***
Total pot $5.6 | Rake $0.28
Board [5c 7d 5d 6d Kh]
Seat 1: PLR_6636087XM showed [Ad 2d] and won ($5.32) with a flush, Ace high
Seat 2: PLR_7352324LL mucked
Seat 3: PLR_4789808ES mucked
Seat 4: PLR_9093076JT (button) mucked
Seat 5: Hero (small blind) mucked [6h 9h]
Seat 6: PLR_1234321QB (big blind) mucked



PokerStars Hand #3591332801: Hold'em No Limit ($0.05/$0.10) - 2018/04/11 3:02:05
Table '#14913699' 6-max Seat #5 is the button
Seat 1: PLR_6636087XM ($12.67 in chips)
Seat 2: PLR_7352324LL ($23.69 in chips)
Seat 3: PLR_4789808ES ($4.55 in chips)
Seat 4: PLR_9093076JT ($11.19 in chips)
Seat 5: Hero ($9.82 in chips)
Seat 6: PLR_1234321QB ($11.67 in chips)
PLR_1234321QB: posts small blind $0.05
PLR_6636087XM: posts big blind $0.10
*** HOLE CARDS ***
Dealt to Hero [2d As]
PLR_7352324LL: raises $0.30 to $0.30
PLR_4789808ES: folds
PLR_9093076JT: folds
Hero: folds
PLR_1234321QB: folds
PLR_6636087XM: folds
Uncalled bet ($0.20) returned to PLR_7352324LL
PLR_7352324LL: doesn't show hand
PLR_7352324LL collected $0.25 from pot
*** SUMMARY ***
Total pot $0.25 | Rake $0.00
Seat 1: PLR_6636087XM (big blind) mucked
Seat 2: PLR_7352324LL won ($0.25)
Seat 3: PLR_4789808ES mucked
Seat 4: PLR_9093076JT mucked
Seat 5: Hero (button) mucked
Seat 6: PLR_1234321QB (small blind) mucked



PokerStars Hand #3591332904: Hold'em No Limit ($0.05/$0.10) - 2018/04/11 3:02:27
Table '#14913699' 6-max Seat #6 is the button
Seat 1: PLR_6636087XM ($12.57 in chips)
Seat 2: PLR_7352324LL ($23.84 in chips)
Seat 3: PLR_4789808ES ($4.55 in chips)
Seat 4: PLR_9093076JT ($11.19 in chips)
Seat 5: Hero ($9.82 in chips)
Seat 6: PLR_1234321QB ($11.62 in chips)
PLR_6636087XM: posts small blind $0.05
PLR_7352324LL: posts big blind $0.10
*** HOLE CARDS ***
Dealt to Hero [5c 6c]
PLR_4789808ES: folds
PLR_9093076JT: folds
Hero: raises $0.33 to $0.33
PLR_1234321QB: calls $0.33 
PLR_6636087XM: folds
PLR_7352324LL: calls $0.23 
*** FLOP *** [Ah 2h 2d]
PLR_7352324LL: checks
Hero: checks
PLR_1234321QB: checks
*** TURN *** [Ah 2h 2d] [Td]
PLR_7352324LL: checks
Hero: checks
PLR_1234321QB: checks
*** RIVER *** [Ah 2h 2d Td] [2c]
PLR_7352324LL: checks
Hero: checks
PLR_1234321QB: checks
*** SHOW DOWN ***
PLR_7352324LL: shows [7c 6s] (three of a kind, Deuces)
Hero: shows [5c 6c] (three of a kind, Deuces)
PLR_1234321QB: shows [Kd Qs] (three of a kind, Deuces)
PLR_1234321QB collected $0.99 from pot
*** SUMMARY ***
Total pot $1.04 | Rake $0.05
Board [Ah 2h 2d Td 2c]
Seat 1: PLR_6636087XM (small blind) mucked
Seat 2: PLR_7352324LL (big blind) showed [7c 6s] and lost with three of a kind, Deuces
Seat 3: PLR_4789808ES mucked
Seat 4: PLR_9093076JT mucked
Seat 5: Hero showed [5c 6c] and lost with three of a kind, Deuces
Seat 6: PLR_1234321QB (button) showed [Kd Qs] and won ($0.99) with three of a kind, Deuces



PokerStars Hand #3591333289: Hold'em No Limit ($0.05/$0.10) - 2018/04/11 3:03:54
Table '#14913699' 6-max Seat #1 is the button
Seat 1: PLR_6636087XM ($12.52 in chips)
Seat 2: PLR_7352324LL ($23.51 in chips)
Seat 3: PLR_4789808ES ($4.55 in chips)
Seat 4: PLR_9093076JT ($11.19 in chips)
Seat 5: Hero ($9.49 in chips)
Seat 6: PLR_1234321QB ($12.28 in chips)
PLR_7352324LL: posts small blind $0.05
PLR_4789808ES: posts big blind $0.10
*** HOLE CARDS ***
Dealt to Hero [3s As]
PLR_9093076JT: folds
Hero: raises $0.35 to $0.35
PLR_1234321QB: calls $0.35 
PLR_6636087XM: calls $0.35 
PLR_7352324LL: folds
PLR_4789808ES: calls $0.25 
*** FLOP *** [4d 6d 5h]
PLR_4789808ES: checks
Hero: checks
PLR_1234321QB: bets $0.60 
PLR_6636087XM: calls $0.60 
PLR_4789808ES: folds
Hero: calls $0.60 
*** TURN *** [4d 6d 5h] [Qh]
Hero: checks
PLR_1234321QB: bets $2.01 
PLR_6636087XM: folds
Hero: folds
Uncalled bet ($2.01) returned to PLR_1234321QB
PLR_1234321QB: doesn't show hand
PLR_1234321QB collected $3.09 from pot
*** SUMMARY ***
Total pot $3.25 | Rake $0.16
Board [4d 6d 5h Qh]
Seat 1: PLR_6636087XM (button) mucked
Seat 2: PLR_7352324LL (small blind) mucked
Seat 3: PLR_4789808ES (big blind) mucked
Seat 4: PLR_9093076JT mucked
Seat 5: Hero mucked
Seat 6: PLR_1234321QB won ($3.09)



PokerStars Hand #3591333745: Hold'em No Limit ($0.05/$0.10) - 2018/04/11 3:05:28
Table '#14913699' 6-max Seat #2 is the button
Seat 1: PLR_6636087XM ($11.57 in chips)
Seat 2: PLR_7352324LL ($23.46 in chips)
Seat 3: PLR_4789808ES ($4.20 in chips)
Seat 4: PLR_9093076JT ($11.19 in chips)
Seat 5: Hero ($8.54 in chips)
Seat 6: PLR_1234321QB ($14.42 in chips)
PLR_4789808ES: posts small blind $0.05
PLR_9093076JT: posts big blind $0.10
*** HOLE CARDS ***
Dealt to Hero [7c Js]
Hero: folds
PLR_1234321QB: calls $0.10 
PLR_6636087XM: calls $0.10 
PLR_7352324LL: folds
PLR_4789808ES: raises $0.15 to $0.20
PLR_9093076JT: calls $0.10 
PLR_1234321QB: calls $0.10 
PLR_6636087XM: calls $0.10 
*** FLOP *** [Qs 9c 2s]
PLR_4789808ES: bets $0.25 
PLR_9093076JT: calls $0.25 
PLR_1234321QB: calls $0.25 
PLR_6636087XM: folds
*** TURN *** [Qs 9c 2s] [2c]
PLR_4789808ES: checks
PLR_9093076JT: bets $1.55 
PLR_1234321QB: folds
PLR_4789808ES: calls $1.55 
*** RIVER *** [Qs 9c 2s 2c] [Kc]
PLR_4789808ES: checks
Seat sit down
Table deposit $3 
PLR_9093076JT: bets $9.19 and is all-in
PLR_4789808ES: calls $2.20 and is all-in
*** SHOW DOWN ***
PLR_9093076JT: shows [8s As] (a pair of Deuces)
PLR_4789808ES: shows [Qh Th] (two pair, Queens and Deuces)
Uncalled bet ($6.99) returned to PLR_9093076JT
PLR_4789808ES collected $8.6 from pot
*** SUMMARY ***
Total pot $9.05 | Rake $0.45
Board [Qs 9c 2s 2c Kc]
Seat 1: PLR_6636087XM mucked
Seat 2: PLR_7352324LL (button) mucked
Seat 3: PLR_4789808ES (small blind) showed [Qh Th] and won ($8.6) with two pair, Queens and Deuces
Seat 4: PLR_9093076JT (big blind) showed [8s As] and lost with a pair of Deuces
Seat 5: Hero mucked
Seat 6: PLR_1234321QB mucked



PokerStars Hand #3591334243: Hold'em No Limit ($0.05/$0.10) - 2018/04/11 3:07:14
Table '#14913699' 6-max Seat #3 is the button
Seat 1: PLR_6636087XM ($11.37 in chips)
Seat 2: PLR_7352324LL ($23.46 in chips)
Seat 3: PLR_4789808ES ($8.60 in chips)
Seat 4: PLR_9093076JT ($6.99 in chips)
Seat 5: Hero ($8.54 in chips)
PLR_9093076JT: posts small blind $0.05
Hero: posts big blind $0.10
*** HOLE CARDS ***
Dealt to Hero [2d Qh]
PLR_6636087XM: folds
PLR_7352324LL: folds
PLR_4789808ES: folds
PLR_9093076JT: calls $0.05 
Hero: checks
*** FLOP *** [3d 8d 4c]
PLR_9093076JT: bets $0.20 
Hero: folds
Uncalled bet ($0.20) returned to PLR_9093076JT
PLR_9093076JT: doesn't show hand
PLR_9093076JT collected $0.19 from pot
*** SUMMARY ***
Total pot $0.2 | Rake $0.01
Board [3d 8d 4c]
Seat 1: PLR_6636087XM mucked
Seat 2: PLR_7352324LL mucked
Seat 3: PLR_4789808ES (button) mucked
Seat 4: PLR_9093076JT (small blind) won ($0.19)
Seat 5: Hero (big blind) mucked



PokerStars Hand #3591334485: Hold'em No Limit ($0.05/$0.10) - 2018/04/11 3:08:04
Table '#14913699' 6-max Seat #4 is the button
Seat 1: PLR_6636087XM ($11.37 in chips)
Seat 2: PLR_7352324LL ($23.46 in chips)
Seat 3: PLR_4789808ES ($8.60 in chips)
Seat 4: PLR_9093076JT ($7.08 in chips)
Seat 5: Hero ($8.44 in chips)
Seat 6: PLR_5115341UW ($3 in chips)
Hero: posts small blind $0.05
PLR_5115341UW: posts big blind $0.10
*** HOLE CARDS ***
Dealt to Hero [Ts Qc]
PLR_6636087XM: folds
PLR_7352324LL: folds
PLR_4789808ES: folds
PLR_9093076JT: raises $0.35 to $0.35
Hero: folds
PLR_5115341UW: calls $0.25 
*** FLOP *** [Qd 4s 6c]
PLR_5115341UW: checks
PLR_9093076JT: bets $0.75 
PLR_5115341UW: calls $0.75 
*** TURN *** [Qd 4s 6c] [2h]
PLR_5115341UW: bets $0.10 
PLR_9093076JT: raises $5.88 to $5.98 and is all-in
PLR_5115341UW: folds
Uncalled bet ($5.88) returned to PLR_9093076JT
PLR_9093076JT: doesn't show hand
PLR_9093076JT collected $2.33 from pot
*** SUMMARY ***
Total pot $2.45 | Rake $0.12
Board [Qd 4s 6c 2h]
Seat 1: PLR_6636087XM mucked
Seat 2: PLR_7352324LL mucked
Seat 3: PLR_4789808ES mucked
Seat 4: PLR_9093076JT (button) won ($2.33)
Seat 5: Hero (small blind) mucked
Seat 6: PLR_5115341UW (big blind) mucked



PokerStars Hand #3591334773: Hold'em No Limit ($0.05/$0.10) - 2018/04/11 3:09:01
Table '#14913699' 6-max Seat #5 is the button
Seat 1: PLR_6636087XM ($11.37 in chips)
Seat 2: PLR_7352324LL ($23.46 in chips)
Seat 3: PLR_4789808ES ($8.60 in chips)
Seat 4: PLR_9093076JT ($8.21 in chips)
Seat 5: Hero ($8.39 in chips)
Seat 6: PLR_5115341UW ($1.80 in chips)
PLR_5115341UW: posts small blind $0.05
PLR_6636087XM: posts big blind $0.10
*** HOLE CARDS ***
Dealt to Hero [Jh Tc]
PLR_7352324LL: folds
PLR_4789808ES: folds
PLR_9093076JT: calls $0.10 
Hero: raises $0.50 to $0.50
Seat sit down
Table deposit $10 
PLR_5115341UW: folds
PLR_6636087XM: folds
PLR_9093076JT: folds
Uncalled bet ($0.40) returned to Hero
Hero: doesn't show hand
Hero collected $0.35 from pot
Table leave user
*** SUMMARY ***
Total pot $0.35 | Rake $0.00
Seat 1: PLR_6636087XM (big blind) mucked
Seat 2: PLR_7352324LL mucked
Seat 3: PLR_4789808ES mucked
Seat 4: PLR_9093076JT mucked
Seat 5: Hero (button) won ($0.35)
Seat 6: PLR_5115341UW (small blind) mucked



PokerStars Hand #3591335000: Hold'em No Limit ($0.05/$0.10) - 2018/04/11 3:09:53
Table '#14913699' 6-max Seat #6 is the button
Seat 1: PLR_6636087XM ($11.27 in chips)
Seat 2: PLR_4777660JL ($10 in chips)
Seat 3: PLR_4789808ES ($8.60 in chips)
Seat 4: PLR_9093076JT ($8.11 in chips)
Seat 5: Hero ($8.64 in chips)
Seat 6: PLR_5115341UW ($1.75 in chips)
PLR_6636087XM: posts small blind $0.05
PLR_4789808ES: posts big blind $0.10
*** HOLE CARDS ***
Dealt to Hero [2c Qd]
PLR_9093076JT: folds
Hero: folds
PLR_4777660JL: Seat re-join
PLR_5115341UW: folds
PLR_6636087XM: folds
*** SHOW DOWN ***
PLR_4789808ES: shows [4c 2d] (high card Four)
Uncalled bet ($0.1) returned to PLR_4789808ES
PLR_4789808ES collected $0.05 from pot
*** SUMMARY ***
Total pot $0.05 | Rake $0.00
Seat 1: PLR_6636087XM (small blind) mucked
Seat 3: PLR_4789808ES (big blind) collected $0.05
Seat 4: PLR_9093076JT mucked
Seat 5: Hero mucked
Seat 6: PLR_5115341UW (button) mucked



PokerStars Hand #3591335217: Hold'em No Limit ($0.05/$0.10) - 2018/04/11 3:10:38
Table '#14913699' 6-max Seat #1 is the button
Seat 1: PLR_6636087XM ($11.22 in chips)
Seat 3: PLR_4789808ES ($8.65 in chips)
Seat 4: PLR_9093076JT ($8.11 in chips)
Seat 5: Hero ($8.64 in chips)
Seat 6: PLR_5115341UW ($1.75 in chips)
PLR_4789808ES: posts small blind $0.05
PLR_9093076JT: posts big blind $0.10
*** HOLE CARDS ***
Dealt to Hero [Ah Jd]
Hero: raises $0.40 to $0.40
PLR_5115341UW: calls $0.40 
PLR_6636087XM: folds
PLR_4789808ES: folds
PLR_9093076JT: folds
*** FLOP *** [9c 3d Jc]
Hero: bets $0.40 
PLR_5115341UW: folds
Uncalled bet ($0.40) returned to Hero
Hero: doesn't show hand
Hero collected $0.91 from pot
*** SUMMARY ***
Total pot $0.95 | Rake $0.04
Board [9c 3d Jc]
Seat 1: PLR_6636087XM (button) mucked
Seat 3: PLR_4789808ES (small blind) mucked
Seat 4: PLR_9093076JT (big blind) mucked
Seat 5: Hero won ($0.91)
Seat 6: PLR_5115341UW mucked



PokerStars Hand #3591335430: Hold'em No Limit ($0.05/$0.10) - 2018/04/11 3:11:26
Table '#14913699' 6-max Seat #3 is the button
Seat 1: PLR_6636087XM ($11.22 in chips)
Seat 2: PLR_4777660JL ($10 in chips)
Seat 3: PLR_4789808ES ($8.60 in chips)
Seat 4: PLR_9093076JT ($8.01 in chips)
Seat 5: Hero ($9.15 in chips)
Seat 6: PLR_5115341UW ($1.35 in chips)
PLR_9093076JT: posts small blind $0.05
Hero: posts big blind $0.10
PLR_4777660JL: posts big blind $0.10
*** HOLE CARDS ***
Dealt to Hero [Kc Qd]
PLR_5115341UW: calls $0.10 
PLR_6636087XM: calls $0.10 
PLR_4777660JL: checks
PLR_4789808ES: calls $0.10 
PLR_9093076JT: calls $0.05 
Hero: raises $0.78 to $0.88
PLR_5115341UW: calls $0.78 
PLR_6636087XM: folds
PLR_4777660JL: folds
PLR_4789808ES: folds
PLR_9093076JT: folds
*** FLOP *** [Qh 7d Kh]
Hero: checks
PLR_5115341UW: bets $0.47 and is all-in
Hero: calls $0.47 
*** TURN *** [Qh 7d Kh] [3h]
*** RIVER *** [Qh 7d Kh 3h] [Kd]
*** SHOW DOWN ***
Hero: shows [Kc Qd] (a full house, Kings full of Queens)
PLR_5115341UW: shows [Qc As] (two pair, Kings and Queens)
Hero collected $2.95 from pot
*** SUMMARY ***
Total pot $3.1 | Rake $0.15
Board [Qh 7d Kh 3h Kd]
Seat 1: PLR_6636087XM mucked
Seat 2: PLR_4777660JL mucked
Seat 3: PLR_4789808ES (button) mucked
Seat 4: PLR_9093076JT (small blind) mucked
Seat 5: Hero (big blind) showed [Kc Qd] and won ($2.95) with a full house, Kings full of Queens
Seat 6: PLR_5115341UW showed [Qc As] and lost with two pair, Kings and Queens



PokerStars Hand #3591335821: Hold'em No Limit ($0.05/$0.10) - 2018/04/11 3:12:52
Table '#14913699' 6-max Seat #4 is the button
Seat 1: PLR_6636087XM ($11.12 in chips)
Seat 2: PLR_4777660JL ($9.90 in chips)
Seat 3: PLR_4789808ES ($8.50 in chips)
Seat 4: PLR_9093076JT ($7.91 in chips)
Seat 5: Hero ($10.75 in chips)
Table deposit $3 
Hero: posts small blind $0.05
PLR_6636087XM: posts big blind $0.10
*** HOLE CARDS ***
Dealt to Hero [Jd Qd]
Table leave user
PLR_4777660JL: raises $0.30 to $0.30
PLR_4789808ES: calls $0.30 
PLR_9093076JT: folds
Hero: raises $0.94 to $0.99
PLR_6636087XM: folds
PLR_4777660JL: calls $0.69 
PLR_4789808ES: calls $0.69 
*** FLOP *** [Tc 8s 2d]
Hero: bets $2 
PLR_4777660JL: folds
PLR_4789808ES: folds
Uncalled bet ($2) returned to Hero
Hero: doesn't show hand
Hero collected $2.92 from pot
*** SUMMARY ***
Total pot $3.07 | Rake $0.15
Board [Tc 8s 2d]
Seat 1: PLR_6636087XM (big blind) mucked
Seat 2: PLR_4777660JL mucked
Seat 3: PLR_4789808ES mucked
Seat 4: PLR_9093076JT (button) mucked
Seat 5: Hero (small blind) won ($2.92)



PokerStars Hand #3591336135: Hold'em No Limit ($0.05/$0.10) - 2018/04/11 3:14:00
Table '#14913699' 6-max Seat #5 is the button
Seat 1: PLR_6636087XM ($11.02 in chips)
Seat 2: PLR_4777660JL ($8.91 in chips)
Seat 3: PLR_4789808ES ($7.51 in chips)
Seat 4: PLR_9093076JT ($7.91 in chips)
Seat 5: Hero ($12.68 in chips)
PLR_6636087XM: posts small blind $0.05
PLR_4777660JL: posts big blind $0.10
*** HOLE CARDS ***
Dealt to Hero [4s 3c]
PLR_4789808ES: calls $0.10 
PLR_9093076JT: folds
Hero: folds
PLR_6636087XM: raises $0.45 to $0.50
PLR_4777660JL: folds
PLR_4789808ES: calls $0.40 
*** FLOP *** [6c 9d Jh]
PLR_6636087XM: bets $0.65 
PLR_4789808ES: folds
Uncalled bet ($0.65) returned to PLR_6636087XM
PLR_6636087XM: doesn't show hand
PLR_6636087XM collected $1.05 from pot
*** SUMMARY ***
Total pot $1.1 | Rake $0.05
Board [6c 9d Jh]
Seat 1: PLR_6636087XM (small blind) won ($1.05)
Seat 2: PLR_4777660JL (big blind) mucked
Seat 3: PLR_4789808ES mucked
Seat 4: PLR_9093076JT mucked
Seat 5: Hero (button) mucked



PokerStars Hand #3591336370: Hold'em No Limit ($0.05/$0.10) - 2018/04/11 3:14:52
Table '#14913699' 6-max Seat #1 is the button
Seat 1: PLR_6636087XM ($11.57 in chips)
Seat 2: PLR_4777660JL ($8.81 in chips)
Seat 3: PLR_4789808ES ($7.01 in chips)
Seat 4: PLR_9093076JT ($7.91 in chips)
Seat 5: Hero ($12.68 in chips)
PLR_4777660JL: posts small blind $0.05
PLR_4789808ES: posts big blind $0.10
*** HOLE CARDS ***
Dealt to Hero [Th 8d]
PLR_9093076JT: folds
Hero: folds
PLR_6636087XM: folds
Seat sit down
Table deposit $3 
PLR_4777660JL: folds
PLR_4789808ES: doesn't show hand
Uncalled bet ($0.1) returned to PLR_4789808ES
PLR_4789808ES collected $0.05 from pot
*** SUMMARY ***
Total pot $0.05 | Rake $0.00
Seat 1: PLR_6636087XM (button) mucked
Seat 2: PLR_4777660JL (small blind) mucked
Seat 3: PLR_4789808ES (big blind) won ($0.05)
Seat 4: PLR_9093076JT mucked
Seat 5: Hero mucked



PokerStars Hand #3591336511: Hold'em No Limit ($0.05/$0.10) - 2018/04/11 3:15:24
Table '#14913699' 6-max Seat #2 is the button
Seat 1: PLR_6636087XM ($11.57 in chips)
Seat 2: PLR_4777660JL ($8.76 in chips)
Seat 3: PLR_4789808ES ($7.06 in chips)
Seat 4: PLR_9093076JT ($7.91 in chips)
Seat 5: Hero ($12.68 in chips)
Seat 6: PLR_5115341UW ($3 in chips)
PLR_4789808ES: posts small blind $0.05
PLR_9093076JT: posts big blind $0.10
PLR_5115341UW: posts big blind $0.10
*** HOLE CARDS ***
Dealt to Hero [6h 3c]
Hero: folds
PLR_5115341UW: checks
PLR_6636087XM: folds
PLR_4777660JL: folds
PLR_4789808ES: raises $0.15 to $0.20
PLR_9093076JT: calls $0.10 
PLR_5115341UW: calls $0.10 
*** FLOP *** [As 4c Kh]
PLR_4789808ES: bets $0.30 
PLR_9093076JT: folds
PLR_5115341UW: folds
Uncalled bet ($0.30) returned to PLR_4789808ES
PLR_4789808ES: doesn't show hand
PLR_4789808ES collected $0.57 from pot
*** SUMMARY ***
Total pot $0.6 | Rake $0.03
Board [As 4c Kh]
Seat 1: PLR_6636087XM mucked
Seat 2: PLR_4777660JL (button) mucked
Seat 3: PLR_4789808ES (small blind) won ($0.57)
Seat 4: PLR_9093076JT (big blind) mucked
Seat 5: Hero mucked
Seat 6: PLR_5115341UW mucked



PokerStars Hand #3591336743: Hold'em No Limit ($0.05/$0.10) - 2018/04/11 3:16:14
Table '#14913699' 6-max Seat #3 is the button
Seat 1: PLR_6636087XM ($11.57 in chips)
Seat 2: PLR_4777660JL ($8.76 in chips)
Seat 3: PLR_4789808ES ($7.43 in chips)
Seat 4: PLR_9093076JT ($7.71 in chips)
Seat 5: Hero ($12.68 in chips)
Seat 6: PLR_5115341UW ($2.80 in chips)
PLR_9093076JT: posts small blind $0.05
Hero: posts big blind $0.10
*** HOLE CARDS ***
Dealt to Hero [9s Ah]
PLR_5115341UW: calls $0.10 
PLR_6636087XM: folds
PLR_4777660JL: folds
PLR_4789808ES: folds
PLR_9093076JT: calls $0.05 
Hero: checks
*** FLOP *** [7s 8d 4s]
PLR_9093076JT: bets $0.30 
Hero: calls $0.30 
PLR_5115341UW: calls $0.30 
*** TURN *** [7s 8d 4s] [6d]
PLR_9093076JT: bets $1.20 
Hero: calls $1.20 
PLR_5115341UW: calls $1.20 
*** RIVER *** [7s 8d 4s 6d] [7h]
PLR_9093076JT: bets $6.11 and is all-in
Hero: folds
PLR_5115341UW: calls $1.20 and is all-in
*** SHOW DOWN ***
PLR_9093076JT: shows [5c 2h] (a straight, Four to Eight)
PLR_5115341UW: shows [5h 5s] (a straight, Four to Eight)
Uncalled bet ($4.91) returned to PLR_9093076JT
PLR_9093076JT collected $3.42 from pot
PLR_5115341UW collected $3.42 from pot
*** SUMMARY ***
Total pot $7.2 | Rake $0.36
Board [7s 8d 4s 6d 7h]
Seat 1: PLR_6636087XM mucked
Seat 2: PLR_4777660JL mucked
Seat 3: PLR_4789808ES (button) mucked
Seat 4: PLR_9093076JT (small blind) showed [5c 2h] and won ($3.42) with a straight, Four to Eight
Seat 5: Hero (big blind) mucked
Seat 6: PLR_5115341UW showed [5h 5s] and won ($3.42) with a straight, Four to Eight



PokerStars Hand #3591337029: Hold'em No Limit ($0.05/$0.10) - 2018/04/11 3:17:16
Table '#14913699' 6-max Seat #4 is the button
Seat 1: PLR_6636087XM ($11.57 in chips)
Seat 2: PLR_4777660JL ($8.76 in chips)
Seat 3: PLR_4789808ES ($7.43 in chips)
Seat 4: PLR_9093076JT ($8.33 in chips)
Seat 5: Hero ($11.08 in chips)
Seat 6: PLR_5115341UW ($3.42 in chips)
Hero: posts small blind $0.05
PLR_5115341UW: posts big blind $0.10
*** HOLE CARDS ***
Dealt to Hero [Jc Qd]
PLR_6636087XM: folds
PLR_4777660JL: folds
PLR_4789808ES: folds
PLR_9093076JT: calls $0.10 
Hero: raises $0.35 to $0.40
PLR_5115341UW: folds
PLR_9093076JT: calls $0.30 
*** FLOP *** [Jh 9s 3c]
Hero: checks
PLR_9093076JT: bets $0.45 
Hero: calls $0.45 
*** TURN *** [Jh 9s 3c] [2c]
Hero: checks
PLR_9093076JT: bets $1.80 
Hero: calls $1.80 
*** RIVER *** [Jh 9s 3c 2c] [7d]
Hero: checks
PLR_9093076JT: bets $5.40 
Hero: calls $5.40 
*** SHOW DOWN ***
PLR_9093076JT: shows [4h 4d] (a pair of Fours)
Hero: shows [Jc Qd] (a pair of Jacks)
Hero collected $15.39 from pot
*** SUMMARY ***
Total pot $16.2 | Rake $0.81
Board [Jh 9s 3c 2c 7d]
Seat 1: PLR_6636087XM mucked
Seat 2: PLR_4777660JL mucked
Seat 3: PLR_4789808ES mucked
Seat 4: PLR_9093076JT (button) showed [4h 4d] and lost with a pair of Fours
Seat 5: Hero (small blind) showed [Jc Qd] and won ($15.39) with a pair of Jacks
Seat 6: PLR_5115341UW (big blind) mucked



PokerStars Hand #3591337363: Hold'em No Limit ($0.05/$0.10) - 2018/04/11 3:18:31
Table '#14913699' 6-max Seat #5 is the button
Seat 1: PLR_6636087XM ($11.57 in chips)
Seat 2: PLR_4777660JL ($8.76 in chips)
Seat 3: PLR_4789808ES ($7.43 in chips)
Seat 4: PLR_9093076JT ($0.28 in chips)
Seat 5: Hero ($18.42 in chips)
PLR_6636087XM: posts big blind $0.10
*** HOLE CARDS ***
Dealt to Hero [Kd Ah]
PLR_4777660JL: folds
PLR_4789808ES: calls $0.10 
PLR_9093076JT: folds (auth)
Hero: raises $0.37 to $0.37
Seat sit down
PLR_6636087XM: calls $0.27 
Table deposit $5 
PLR_4789808ES: calls $0.27 
*** FLOP *** [6c Ks Jd]
PLR_6636087XM: checks
PLR_4789808ES: bets $0.30 
Hero: raises $1 to $1
PLR_6636087XM: folds
PLR_4789808ES: calls $0.70 
*** TURN *** [6c Ks Jd] [Th]
PLR_4789808ES: bets $6.06 and is all-in
Seat sit down
Table deposit $3 
Hero: folds
Uncalled bet ($6.06) returned to PLR_4789808ES
PLR_4789808ES: doesn't show hand
PLR_4789808ES collected $2.96 from pot
*** SUMMARY ***
Total pot $3.11 | Rake $0.15
Board [6c Ks Jd Th]
Seat 1: PLR_6636087XM (big blind) mucked
Seat 2: PLR_4777660JL mucked
Seat 3: PLR_4789808ES won ($2.96)
Seat 4: PLR_9093076JT mucked
Seat 5: Hero (button) mucked



PokerStars Hand #3591337782: Hold'em No Limit ($0.05/$0.10) - 2018/04/11 3:20:00
Table '#14913699' 6-max Seat #5 is the button
Seat 1: PLR_6636087XM ($11.20 in chips)
Seat 3: PLR_4789808ES ($9.02 in chips)
Seat 4: PLR_7521282IL ($5 in chips)
Seat 5: Hero ($17.05 in chips)
Set dealer
PLR_6636087XM: posts small blind $0.05
PLR_4789808ES: posts big blind $0.10
PLR_7521282IL: posts big blind $0.10
*** HOLE CARDS ***
Dealt to Hero [Kc 2s]
PLR_7521282IL: checks
Hero: folds
PLR_6636087XM: folds
Seat sit down
Table deposit $3 
PLR_4789808ES: checks
*** FLOP *** [5d 4h 9d]
PLR_4789808ES: checks
PLR_7521282IL: checks
*** TURN *** [5d 4h 9d] [8h]
PLR_4789808ES: checks
PLR_7521282IL: checks
*** RIVER *** [5d 4h 9d 8h] [2h]
PLR_4789808ES: checks
PLR_7521282IL: checks
*** SHOW DOWN ***
PLR_4789808ES: shows [3s Td] (high card Ten)
PLR_7521282IL: shows [4d Kh] (a pair of Fours)
PLR_7521282IL collected $0.24 from pot
*** SUMMARY ***
Total pot $0.25 | Rake $0.01
Board [5d 4h 9d 8h 2h]
Seat 1: PLR_6636087XM (small blind) mucked
Seat 3: PLR_4789808ES (big blind) showed [3s Td-Td 9d 8h 5d 4h] and lost with high card Three
Seat 4: PLR_7521282IL showed [4d Kh] and won ($0.24) with a pair of Fours
Seat 5: Hero (button) mucked



PokerStars Hand #3591337983: Hold'em No Limit ($0.05/$0.10) - 2018/04/11 3:20:46
Table '#14913699' 6-max Seat #1 is the button
Seat 1: PLR_6636087XM ($11.15 in chips)
Seat 3: PLR_4789808ES ($8.92 in chips)
Seat 4: PLR_7521282IL ($5.14 in chips)
Seat 5: Hero ($17.05 in chips)
Seat 6: PLR_2466148MZ ($3 in chips)
PLR_4789808ES: posts small blind $0.05
PLR_7521282IL: posts big blind $0.10
*** HOLE CARDS ***
Dealt to Hero [8c 5c]
Hero: raises $0.40 to $0.40
PLR_6636087XM: calls $0.40 
Seat sit down
PLR_4789808ES: calls $0.35 
Table deposit $4.19 
PLR_7521282IL: folds
*** FLOP *** [Qh 2d 6h]
PLR_4789808ES: checks
Hero: checks
PLR_6636087XM: bets $0.85 
PLR_4789808ES: folds
Hero: folds
Uncalled bet ($0.85) returned to PLR_6636087XM
PLR_6636087XM: doesn't show hand
PLR_6636087XM collected $1.24 from pot
*** SUMMARY ***
Total pot $1.3 | Rake $0.06
Board [Qh 2d 6h]
Seat 1: PLR_6636087XM (button) won ($1.24)
Seat 3: PLR_4789808ES (small blind) mucked
Seat 4: PLR_7521282IL (big blind) mucked
Seat 5: Hero mucked



PokerStars Hand #3591338328: Hold'em No Limit ($0.05/$0.10) - 2018/04/11 3:22:07
Table '#14913699' 6-max Seat #3 is the button
Seat 1: PLR_6636087XM ($11.99 in chips)
Seat 2: PLR_4111600FU ($3 in chips)
Seat 3: PLR_4789808ES ($8.52 in chips)
Seat 4: PLR_7521282IL ($5.04 in chips)
Seat 5: Hero ($16.65 in chips)
Seat 6: PLR_1602687SK ($4.19 in chips)
PLR_7521282IL: posts small blind $0.05
Hero: posts big blind $0.10
PLR_1602687SK: posts big blind $0.10
*** HOLE CARDS ***
Dealt to Hero [2d Ah]
PLR_1602687SK: checks
PLR_6636087XM: folds
PLR_4789808ES: calls $0.10 
PLR_7521282IL: folds
Hero: checks
*** FLOP *** [4c Jh Jd]
Hero: checks
PLR_1602687SK: bets $0.40 
PLR_4789808ES: folds
Hero: folds
Uncalled bet ($0.40) returned to PLR_1602687SK
PLR_1602687SK: doesn't show hand
PLR_1602687SK collected $0.34 from pot
*** SUMMARY ***
Total pot $0.35 | Rake $0.01
Board [4c Jh Jd]
Seat 1: PLR_6636087XM mucked
Seat 3: PLR_4789808ES (button) mucked
Seat 4: PLR_7521282IL (small blind) mucked
Seat 5: Hero (big blind) mucked
Seat 6: PLR_1602687SK won ($0.34)



PokerStars Hand #3591338547: Hold'em No Limit ($0.05/$0.10) - 2018/04/11 3:23:00
Table '#14913699' 6-max Seat #4 is the button
Seat 1: PLR_6636087XM ($11.99 in chips)
Seat 3: PLR_4789808ES ($8.42 in chips)
Seat 4: PLR_7521282IL ($4.99 in chips)
Seat 5: Hero ($16.55 in chips)
Seat 6: PLR_1602687SK ($4.43 in chips)
Hero: posts small blind $0.05
PLR_1602687SK: posts big blind $0.10
*** HOLE CARDS ***
Dealt to Hero [2h Th]
PLR_6636087XM: folds
PLR_4789808ES: raises $0.20 to $0.20
PLR_7521282IL: folds
Hero: folds
PLR_1602687SK: calls $0.10 
*** FLOP *** [4s 2d 7h]
PLR_1602687SK: checks (disconnect)
PLR_4789808ES: bets $0.20 
PLR_1602687SK: calls $0.20 
*** TURN *** [4s 2d 7h] [Jd]
PLR_1602687SK: checks
PLR_4789808ES: bets $0.27 
PLR_1602687SK: calls $0.27 
*** RIVER *** [4s 2d 7h Jd] [2s]
PLR_1602687SK: checks
PLR_4789808ES: checks
*** SHOW DOWN ***
PLR_1602687SK: shows [5h 4d] (two pair, Fours and Deuces)
PLR_4789808ES: shows [Jc As] (two pair, Jacks and Deuces)
PLR_4789808ES collected $1.33 from pot
*** SUMMARY ***
Total pot $1.39 | Rake $0.06
Board [4s 2d 7h Jd 2s]
Seat 1: PLR_6636087XM mucked
Seat 3: PLR_4789808ES showed [Jc As] and won ($1.33) with two pair, Jacks and Deuces
Seat 4: PLR_7521282IL (button) mucked
Seat 5: Hero (small blind) mucked
Seat 6: PLR_1602687SK (big blind) showed [5h 4d] and lost with two pair, Fours and Deuces



PokerStars Hand #3591339058: Hold'em No Limit ($0.05/$0.10) - 2018/04/11 3:24:54
Table '#14913699' 6-max Seat #5 is the button
Seat 1: PLR_6636087XM ($11.99 in chips)
Seat 3: PLR_4789808ES ($9.08 in chips)
Seat 4: PLR_7521282IL ($4.99 in chips)
Seat 5: Hero ($16.50 in chips)
Seat 6: PLR_1602687SK ($3.76 in chips)
PLR_1602687SK: posts small blind $0.05
PLR_6636087XM: posts big blind $0.10
*** HOLE CARDS ***
Dealt to Hero [Qs 7c]
PLR_4789808ES: calls $0.10 
PLR_7521282IL: folds
Hero: folds
PLR_1602687SK: calls $0.05 
PLR_6636087XM: raises $0.30 to $0.40
PLR_4789808ES: calls $0.30 
PLR_1602687SK: calls $0.30 
*** FLOP *** [Jd Ts Js]
PLR_1602687SK: checks
PLR_6636087XM: checks
PLR_4789808ES: bets $0.30 
PLR_1602687SK: raises $0.60 to $0.60
PLR_6636087XM: folds
PLR_4789808ES: calls $0.30 
*** TURN *** [Jd Ts Js] [Th]
PLR_1602687SK: bets $2.76 and is all-in
PLR_4789808ES: calls $2.76 
*** RIVER *** [Jd Ts Js Th] [4d]
*** SHOW DOWN ***
PLR_4789808ES: shows [Kc Td] (a full house, Tens full of Jacks)
PLR_1602687SK: shows [3s 2h] (two pair, Jacks and Tens)
PLR_4789808ES collected $7.53 from pot
*** SUMMARY ***
Total pot $7.92 | Rake $0.39
Board [Jd Ts Js Th 4d]
Seat 1: PLR_6636087XM (big blind) mucked
Seat 3: PLR_4789808ES showed [Kc Td] and won ($7.53) with a full house, Tens full of Jacks
Seat 4: PLR_7521282IL mucked
Seat 5: Hero (button) mucked
Seat 6: PLR_1602687SK (small blind) showed [3s 2h] and lost with two pair, Jacks and Tens



PokerStars Hand #3591339448: Hold'em No Limit ($0.05/$0.10) - 2018/04/11 3:26:25
Table '#14913699' 6-max Seat #5 is the button
Seat 1: PLR_6636087XM ($11.59 in chips)
Seat 3: PLR_4789808ES ($12.85 in chips)
Seat 4: PLR_7521282IL ($4.99 in chips)
Seat 5: Hero ($16.50 in chips)
Set dealer
PLR_6636087XM: posts small blind $0.05
PLR_4789808ES: posts big blind $0.10
*** HOLE CARDS ***
Dealt to Hero [7c 4d]
PLR_7521282IL: folds
Hero: folds
Table leave user
PLR_6636087XM: folds
Seat re-join
PLR_4789808ES: doesn't show hand
Uncalled bet ($0.1) returned to PLR_4789808ES
PLR_4789808ES collected $0.05 from pot
*** SUMMARY ***
Total pot $0.05 | Rake $0.00
Seat 1: PLR_6636087XM (small blind) mucked
Seat 3: PLR_4789808ES (big blind) won ($0.05)
Seat 4: PLR_7521282IL mucked
Seat 5: Hero (button) mucked



PokerStars Hand #3591339621: Hold'em No Limit ($0.05/$0.10) - 2018/04/11 3:27:02
Table '#14913699' 6-max Seat #1 is the button
Seat 1: PLR_6636087XM ($11.54 in chips)
Seat 3: PLR_4789808ES ($12.90 in chips)
Seat 4: PLR_7521282IL ($4.99 in chips)
Seat 5: Hero ($16.50 in chips)
PLR_4789808ES: posts small blind $0.05
PLR_7521282IL: posts big blind $0.10
*** HOLE CARDS ***
Dealt to Hero [Td 6h]
Seat sit down
Table deposit $10 
Hero: folds
PLR_6636087XM: folds
PLR_4789808ES: calls $0.05 
PLR_7521282IL: raises $0.20 to $0.30
PLR_4789808ES: calls $0.20 
*** FLOP *** [Ad 8h 6s]
Table leave user
PLR_4789808ES: checks
PLR_7521282IL: bets $0.60 
PLR_4789808ES: folds
Uncalled bet ($0.60) returned to PLR_7521282IL
PLR_7521282IL: doesn't show hand
PLR_7521282IL collected $0.57 from pot
*** SUMMARY ***
Total pot $0.6 | Rake $0.03
Board [Ad 8h 6s]
Seat 1: PLR_6636087XM (button) mucked
Seat 3: PLR_4789808ES (small blind) mucked
Seat 4: PLR_7521282IL (big blind) won ($0.57)
Seat 5: Hero mucked



PokerStars Hand #3591339870: Hold'em No Limit ($0.05/$0.10) - 2018/04/11 3:27:59
Table '#14913699' 6-max Seat #3 is the button
Seat 1: PLR_6636087XM ($11.54 in chips)
Seat 2: PLR_4111600FU ($3 in chips)
Seat 3: PLR_4789808ES ($12.60 in chips)
Seat 4: PLR_7521282IL ($5.26 in chips)
Seat 5: Hero ($16.50 in chips)
PLR_7521282IL: posts small blind $0.05
Hero: posts big blind $0.10
*** HOLE CARDS ***
Dealt to Hero [6d Td]
PLR_6636087XM: raises $0.30 to $0.30
PLR_4789808ES: calls $0.30 
PLR_7521282IL: folds
Hero: calls $0.20 
*** FLOP *** [3c 3s Ac]
Hero: checks
PLR_6636087XM: checks
PLR_4789808ES: bets $0.32 
PLR_4111600FU: Seat re-join
Hero: folds
PLR_6636087XM: folds
Uncalled bet ($0.32) returned to PLR_4789808ES
PLR_4789808ES: doesn't show hand
PLR_4789808ES collected $0.91 from pot
*** SUMMARY ***
Total pot $0.95 | Rake $0.04
Board [3c 3s Ac]
Seat 1: PLR_6636087XM mucked
Seat 3: PLR_4789808ES (button) won ($0.91)
Seat 4: PLR_7521282IL (small blind) mucked
Seat 5: Hero (big blind) mucked



PokerStars Hand #3591340153: Hold'em No Limit ($0.05/$0.10) - 2018/04/11 3:29:04
Table '#14913699' 6-max Seat #4 is the button
Seat 1: PLR_6636087XM ($11.24 in chips)
Seat 2: PLR_4111600FU ($3 in chips)
Seat 3: PLR_4789808ES ($13.21 in chips)
Seat 4: PLR_7521282IL ($5.21 in chips)
Seat 5: Hero ($16.20 in chips)
Seat 6: PLR_1602687SK ($10 in chips)
Hero: posts small blind $0.05
PLR_1602687SK: posts big blind $0.10
*** HOLE CARDS ***
Dealt to Hero [8d 8h]
PLR_4111600FU: Seat re-join
PLR_6636087XM: folds
PLR_4789808ES: folds
PLR_7521282IL: calls $0.10 
Hero: raises $0.35 to $0.40
PLR_1602687SK: calls $0.30 
PLR_7521282IL: calls $0.30 
*** FLOP *** [Qc Ts 7h]
Hero: checks
PLR_1602687SK: bets $0.70 
PLR_7521282IL: folds
Hero: calls $0.70 
*** TURN *** [Qc Ts 7h] [2s]
Hero: checks
PLR_1602687SK: bets $1.70 
Hero: folds
Uncalled bet ($1.70) returned to PLR_1602687SK
PLR_1602687SK: doesn't show hand
PLR_1602687SK collected $2.47 from pot
*** SUMMARY ***
Total pot $2.6 | Rake $0.13
Board [Qc Ts 7h 2s]
Seat 1: PLR_6636087XM mucked
Seat 3: PLR_4789808ES mucked
Seat 4: PLR_7521282IL (button) mucked
Seat 5: Hero (small blind) mucked
Seat 6: PLR_1602687SK (big blind) won ($2.47)



PokerStars Hand #3591340537: Hold'em No Limit ($0.05/$0.10) - 2018/04/11 3:30:25
Table '#14913699' 6-max Seat #5 is the button
Seat 1: PLR_6636087XM ($11.24 in chips)
Seat 2: PLR_4111600FU ($3 in chips)
Seat 3: PLR_4789808ES ($13.21 in chips)
Seat 4: PLR_7521282IL ($4.81 in chips)
Seat 5: Hero ($15.10 in chips)
Seat 6: PLR_1602687SK ($11.37 in chips)
PLR_1602687SK: posts small blind $0.05
PLR_6636087XM: posts big blind $0.10
*** HOLE CARDS ***
Dealt to Hero [4h 7d]
PLR_4789808ES: folds
PLR_7521282IL: folds
Hero: folds
PLR_1602687SK: raises $0.25 to $0.30
PLR_6636087XM: calls $0.20 
*** FLOP *** [Jd 5h 8h]
PLR_1602687SK: bets $0.35 
PLR_6636087XM: calls $0.35 
*** TURN *** [Jd 5h 8h] [7h]
PLR_1602687SK: checks
PLR_6636087XM: checks
*** RIVER *** [Jd 5h 8h 7h] [3d]
PLR_1602687SK: checks
PLR_6636087XM: checks
*** SHOW DOWN ***
PLR_1602687SK: shows [6d 6c] (a pair of Sixs)
PLR_6636087XM: shows [Jc Qc] (a pair of Jacks)
PLR_6636087XM collected $1.24 from pot
*** SUMMARY ***
Total pot $1.3 | Rake $0.06
Board [Jd 5h 8h 7h 3d]
Seat 1: PLR_6636087XM (big blind) showed [Jc Qc] and won ($1.24) with a pair of Jacks
Seat 3: PLR_4789808ES mucked
Seat 4: PLR_7521282IL mucked
Seat 5: Hero (button) mucked
Seat 6: PLR_1602687SK (small blind) showed [6d 6c] and lost with a pair of Sixes



PokerStars Hand #3591340834: Hold'em No Limit ($0.05/$0.10) - 2018/04/11 3:31:33
Table '#14913699' 6-max Seat #6 is the button
Seat 1: PLR_6636087XM ($11.83 in chips)
Seat 4: PLR_7521282IL ($4.81 in chips)
Seat 5: Hero ($15.10 in chips)
Seat 6: PLR_1602687SK ($10.72 in chips)
PLR_6636087XM: posts small blind $0.05
PLR_7521282IL: posts big blind $0.10
*** HOLE CARDS ***
Dealt to Hero [2d 5d]
Hero: folds
PLR_1602687SK: folds
PLR_6636087XM: folds
PLR_7521282IL: doesn't show hand
Uncalled bet ($0.1) returned to PLR_7521282IL
PLR_7521282IL collected $0.05 from pot
*** SUMMARY ***
Total pot $0.05 | Rake $0.00
Seat 1: PLR_6636087XM (small blind) mucked
Seat 4: PLR_7521282IL (big blind) won ($0.05)
Seat 5: Hero mucked
Seat 6: PLR_1602687SK (button) mucked



PokerStars Hand #3591340907: Hold'em No Limit ($0.05/$0.10) - 2018/04/11 3:31:48
Table '#14913699' 6-max Seat #1 is the button
Seat 1: PLR_6636087XM ($11.78 in chips)
Seat 4: PLR_7521282IL ($4.86 in chips)
Seat 5: Hero ($15.10 in chips)
Seat 6: PLR_1602687SK ($10.72 in chips)
PLR_7521282IL: posts small blind $0.05
Hero: posts big blind $0.10
*** HOLE CARDS ***
Dealt to Hero [Jh 6d]
PLR_1602687SK: raises $0.30 to $0.30
PLR_6636087XM: folds
PLR_7521282IL: folds
Seat sit down
Hero: folds
Uncalled bet ($0.20) returned to PLR_1602687SK
Table deposit $10 
PLR_1602687SK: doesn't show hand
PLR_1602687SK collected $0.25 from pot
*** SUMMARY ***
Total pot $0.25 | Rake $0.00
Seat 1: PLR_6636087XM (button) mucked
Seat 4: PLR_7521282IL (small blind) mucked
Seat 5: Hero (big blind) mucked
Seat 6: PLR_1602687SK won ($0.25)



PokerStars Hand #3591341035: Hold'em No Limit ($0.05/$0.10) - 2018/04/11 3:32:17
Table '#14913699' 6-max Seat #4 is the button
Seat 1: PLR_6636087XM ($11.78 in chips)
Seat 4: PLR_7521282IL ($4.81 in chips)
Seat 5: Hero ($15 in chips)
Seat 6: PLR_1602687SK ($10.87 in chips)
Hero: posts small blind $0.05
PLR_1602687SK: posts big blind $0.10
*** HOLE CARDS ***
Dealt to Hero [Kc Js]
PLR_6636087XM: folds
PLR_7521282IL: folds
Hero: raises $0.28 to $0.33
PLR_1602687SK: folds
Uncalled bet ($0.23) returned to Hero
Hero: doesn't show hand
Hero collected $0.2 from pot
*** SUMMARY ***
Total pot $0.2 | Rake $0.00
Seat 1: PLR_6636087XM mucked
Seat 4: PLR_7521282IL (button) mucked
Seat 5: Hero (small blind) won ($0.2)
Seat 6: PLR_1602687SK (big blind) mucked



PokerStars Hand #3591341143: Hold'em No Limit ($0.05/$0.10) - 2018/04/11 3:32:40
Table '#14913699' 6-max Seat #5 is the button
Seat 1: PLR_6636087XM ($11.78 in chips)
Seat 4: PLR_7521282IL ($4.81 in chips)
Seat 5: Hero ($15.10 in chips)
Seat 6: PLR_1602687SK ($10.77 in chips)
PLR_1602687SK: posts small blind $0.05
PLR_6636087XM: posts big blind $0.10
*** HOLE CARDS ***
Dealt to Hero [3s 4h]
PLR_7521282IL: folds
Hero: folds
PLR_1602687SK: folds
PLR_6636087XM: doesn't show hand
Uncalled bet ($0.1) returned to PLR_6636087XM
PLR_6636087XM collected $0.05 from pot
*** SUMMARY ***
Total pot $0.05 | Rake $0.00
Seat 1: PLR_6636087XM (big blind) won ($0.05)
Seat 4: PLR_7521282IL mucked
Seat 5: Hero (button) mucked
Seat 6: PLR_1602687SK (small blind) mucked



PokerStars Hand #3591341289: Hold'em No Limit ($0.05/$0.10) - 2018/04/11 3:33:11
Table '#14913699' 6-max Seat #6 is the button
Seat 1: PLR_6636087XM ($11.83 in chips)
Seat 3: PLR_2290269SG ($10 in chips)
Seat 4: PLR_7521282IL ($4.81 in chips)
Seat 5: Hero ($15.10 in chips)
Seat 6: PLR_1602687SK ($10.72 in chips)
PLR_6636087XM: posts small blind $0.05
PLR_2290269SG: posts big blind $0.10
*** HOLE CARDS ***
Dealt to Hero [Qh Jd]
PLR_7521282IL: folds
Hero: raises $0.40 to $0.40
PLR_1602687SK: folds
PLR_6636087XM: folds
PLR_2290269SG: raises $0.70 to $0.80
Hero: calls $0.40 
*** FLOP *** [Ad 3s 9h]
PLR_2290269SG: bets $0.97 
Hero: folds
Uncalled bet ($0.97) returned to PLR_2290269SG
PLR_2290269SG: doesn't show hand
PLR_2290269SG collected $1.57 from pot
*** SUMMARY ***
Total pot $1.65 | Rake $0.08
Board [Ad 3s 9h]
Seat 1: PLR_6636087XM (small blind) mucked
Seat 3: PLR_2290269SG (big blind) won ($1.57)
Seat 4: PLR_7521282IL mucked
Seat 5: Hero mucked
Seat 6: PLR_1602687SK (button) mucked



PokerStars Hand #3591341566: Hold'em No Limit ($0.05/$0.10) - 2018/04/11 3:34:11
Table '#14913699' 6-max Seat #1 is the button
Seat 1: PLR_6636087XM ($11.78 in chips)
Seat 3: PLR_2290269SG ($10.77 in chips)
Seat 4: PLR_7521282IL ($4.81 in chips)
Seat 5: Hero ($14.30 in chips)
Seat 6: PLR_1602687SK ($10.72 in chips)
PLR_2290269SG: posts small blind $0.05
PLR_7521282IL: posts big blind $0.10
*** HOLE CARDS ***
Dealt to Hero [Ks Ts]
Hero: raises $0.40 to $0.40
PLR_1602687SK: folds
PLR_6636087XM: folds
PLR_2290269SG: calls $0.35 
PLR_7521282IL: folds
*** FLOP *** [Qh 4d 3h]
PLR_2290269SG: bets $10.37 and is all-in
Hero: folds
Uncalled bet ($10.37) returned to PLR_2290269SG
PLR_2290269SG: doesn't show hand
PLR_2290269SG collected $0.86 from pot
*** SUMMARY ***
Total pot $0.9 | Rake $0.04
Board [Qh 4d 3h]
Seat 1: PLR_6636087XM (button) mucked
Seat 3: PLR_2290269SG (small blind) won ($0.86)
Seat 4: PLR_7521282IL (big blind) mucked
Seat 5: Hero mucked
Seat 6: PLR_1602687SK mucked



PokerStars Hand #3591341697: Hold'em No Limit ($0.05/$0.10) - 2018/04/11 3:34:43
Table '#14913699' 6-max Seat #3 is the button
Seat 1: PLR_6636087XM ($11.78 in chips)
Seat 3: PLR_2290269SG ($11.23 in chips)
Seat 4: PLR_7521282IL ($4.71 in chips)
Seat 5: Hero ($13.90 in chips)
Seat 6: PLR_1602687SK ($10.72 in chips)
PLR_7521282IL: posts small blind $0.05
Hero: posts big blind $0.10
*** HOLE CARDS ***
Dealt to Hero [5d 8s]
PLR_1602687SK: folds
PLR_6636087XM: raises $0.30 to $0.30
PLR_2290269SG: calls $0.30 
PLR_7521282IL: calls $0.25 
Hero: calls $0.20 
*** FLOP *** [4h Jc 3c]
PLR_7521282IL: checks
Hero: checks
PLR_6636087XM: bets $0.70 
PLR_2290269SG: folds
PLR_7521282IL: calls $0.70 
Hero: folds
*** TURN *** [4h Jc 3c] [2d]
PLR_7521282IL: checks
PLR_6636087XM: checks
*** RIVER *** [4h Jc 3c 2d] [Td]
Seat sit down
PLR_7521282IL: checks
Table deposit $3 
PLR_6636087XM: checks
*** SHOW DOWN ***
PLR_7521282IL: shows [Kc Qd] (high card King)
PLR_6636087XM: shows [4c Ac] (a pair of Fours)
PLR_6636087XM collected $2.47 from pot
*** SUMMARY ***
Total pot $2.6 | Rake $0.13
Board [4h Jc 3c 2d Td]
Seat 1: PLR_6636087XM showed [4c Ac] and won ($2.47) with a pair of Fours
Seat 3: PLR_2290269SG (button) mucked
Seat 4: PLR_7521282IL (small blind) showed [Kc Qd-Kc Qd Jc Td 4h] and lost with high card King
Seat 5: Hero (big blind) mucked
Seat 6: PLR_1602687SK mucked



PokerStars Hand #3591341959: Hold'em No Limit ($0.05/$0.10) - 2018/04/11 3:35:41
Table '#14913699' 6-max Seat #4 is the button
Seat 1: PLR_6636087XM ($13.25 in chips)
Seat 3: PLR_2290269SG ($10.93 in chips)
Seat 4: PLR_7521282IL ($3.71 in chips)
Seat 5: Hero ($13.60 in chips)
Seat 6: PLR_1602687SK ($10.72 in chips)
Hero: posts small blind $0.05
Table leave user
PLR_1602687SK: posts big blind $0.10
*** HOLE CARDS ***
Dealt to Hero [4h 3s]
PLR_6636087XM: folds
PLR_2290269SG: raises $0.30 to $0.30
PLR_7521282IL: calls $0.30 
Hero: folds
PLR_1602687SK: folds
*** FLOP *** [8c Ad Tc]
PLR_2290269SG: bets $0.20 
PLR_7521282IL: calls $0.20 
*** TURN *** [8c Ad Tc] [8h]
PLR_2290269SG: bets $0.40 
PLR_7521282IL: calls $0.40 
*** RIVER *** [8c Ad Tc 8h] [9h]
Table deposit $2.55 
PLR_2290269SG: bets $10.03 and is all-in
PLR_7521282IL: calls $2.81 and is all-in
*** SHOW DOWN ***
PLR_2290269SG: shows [8s 7c] (three of a kind, Eights)
PLR_7521282IL: Mucks [Qc Td] (Two pair)
Uncalled bet ($7.22) returned to PLR_2290269SG
PLR_2290269SG collected $7.2 from pot
*** SUMMARY ***
Total pot $7.57 | Rake $0.37
Board [8c Ad Tc 8h 9h]
Seat 1: PLR_6636087XM mucked
Seat 3: PLR_2290269SG showed [8s 7c] and won ($7.2) with three of a kind, Eights
Seat 4: PLR_7521282IL (button) mucked [Qc Td]
Seat 5: Hero (small blind) mucked
Seat 6: PLR_1602687SK (big blind) mucked



PokerStars Hand #3591342150: Hold'em No Limit ($0.05/$0.10) - 2018/04/11 3:36:25
Table '#14913699' 6-max Seat #5 is the button
Seat 1: PLR_6636087XM ($13.25 in chips)
Seat 3: PLR_2290269SG ($14.42 in chips)
Seat 5: Hero ($13.55 in chips)
Seat 6: PLR_1602687SK ($10.62 in chips)
PLR_1602687SK: posts small blind $0.05
PLR_6636087XM: posts big blind $0.10
*** HOLE CARDS ***
Dealt to Hero [3h 6c]
PLR_2290269SG: folds
Hero: folds
PLR_1602687SK: folds
PLR_6636087XM: doesn't show hand
Uncalled bet ($0.1) returned to PLR_6636087XM
PLR_6636087XM collected $0.05 from pot
*** SUMMARY ***
Total pot $0.05 | Rake $0.00
Seat 1: PLR_6636087XM (big blind) won ($0.05)
Seat 3: PLR_2290269SG mucked
Seat 5: Hero (button) mucked
Seat 6: PLR_1602687SK (small blind) mucked



PokerStars Hand #3591342206: Hold'em No Limit ($0.05/$0.10) - 2018/04/11 3:36:37
Table '#14913699' 6-max Seat #6 is the button
Seat 1: PLR_6636087XM ($13.30 in chips)
Seat 2: PLR_4111600FU ($5.55 in chips)
Seat 3: PLR_2290269SG ($14.42 in chips)
Seat 5: Hero ($13.55 in chips)
Seat 6: PLR_1602687SK ($10.57 in chips)
PLR_6636087XM: posts small blind $0.05
PLR_4111600FU: posts big blind $0.10
*** HOLE CARDS ***
Dealt to Hero [Qh 2h]
PLR_2290269SG: calls $0.10 
Hero: folds
PLR_1602687SK: folds
PLR_6636087XM: raises $0.45 to $0.50
Table leave user
PLR_4111600FU: calls $0.40 
PLR_2290269SG: calls $0.40 
*** FLOP *** [5s 4d As]
PLR_6636087XM: bets $0.85 
PLR_4111600FU: folds
PLR_2290269SG: calls $0.85 
*** TURN *** [5s 4d As] [Td]
Seat sit down
PLR_6636087XM: checks
PLR_2290269SG: checks
*** RIVER *** [5s 4d As Td] [8d]
PLR_6636087XM: checks
PLR_2290269SG: bets $0.30 
PLR_6636087XM: calls $0.30 
*** SHOW DOWN ***
PLR_2290269SG: shows [8s 4s] (two pair, Eights and Fours)
Table leave user
PLR_6636087XM: Mucks [Kh Kd] (One pair)
PLR_2290269SG collected $3.61 from pot
*** SUMMARY ***
Total pot $3.8 | Rake $0.19
Board [5s 4d As Td 8d]
Seat 1: PLR_6636087XM (small blind) mucked [Kh Kd]
Seat 2: PLR_4111600FU (big blind) mucked
Seat 3: PLR_2290269SG showed [8s 4s] and won ($3.61) with two pair, Eights and Fours
Seat 5: Hero mucked
Seat 6: PLR_1602687SK (button) mucked



PokerStars Hand #3591342467: Hold'em No Limit ($0.05/$0.10) - 2018/04/11 3:37:38
Table '#14913699' 6-max Seat #1 is the button
Seat 1: PLR_6636087XM ($11.65 in chips)
Seat 2: PLR_4111600FU ($5.05 in chips)
Seat 3: PLR_2290269SG ($16.38 in chips)
Seat 5: Hero ($13.55 in chips)
Seat 6: PLR_1602687SK ($10.57 in chips)
PLR_4111600FU: posts small blind $0.05
PLR_2290269SG: posts big blind $0.10
*** HOLE CARDS ***
Dealt to Hero [6d 2s]
Hero: folds
PLR_1602687SK: folds
PLR_6636087XM: raises $0.30 to $0.30
PLR_4111600FU: calls $0.25 
PLR_2290269SG: folds
*** FLOP *** [5h 9h 5s]
PLR_4111600FU: bets $0.10 
PLR_6636087XM: calls $0.10 
*** TURN *** [5h 9h 5s] [Qs]
PLR_4111600FU: bets $0.20 
PLR_6636087XM: folds
*** SHOW DOWN ***
PLR_4111600FU: shows [Ad Ks] (a pair of Fives)
Uncalled bet ($0.20) returned to PLR_4111600FU
PLR_4111600FU collected $0.86 from pot
*** SUMMARY ***
Total pot $0.9 | Rake $0.04
Board [5h 9h 5s Qs]
Seat 1: PLR_6636087XM (button) mucked
Seat 2: PLR_4111600FU (small blind) showed [Ad Ks] and won ($0.86) with a pair of Fives
Seat 3: PLR_2290269SG (big blind) mucked
Seat 5: Hero mucked
Seat 6: PLR_1602687SK mucked



PokerStars Hand #3591342651: Hold'em No Limit ($0.05/$0.10) - 2018/04/11 3:38:18
Table '#14913699' 6-max Seat #2 is the button
Seat 1: PLR_6636087XM ($11.25 in chips)
Seat 2: PLR_4111600FU ($5.51 in chips)
Seat 3: PLR_2290269SG ($16.28 in chips)
Seat 5: Hero ($13.55 in chips)
Seat 6: PLR_1602687SK ($10.57 in chips)
PLR_2290269SG: posts small blind $0.05
Hero: posts big blind $0.10
*** HOLE CARDS ***
Dealt to Hero [2d Ts]
PLR_1602687SK: folds
PLR_6636087XM: raises $0.30 to $0.30
PLR_4111600FU: calls $0.30 
PLR_2290269SG: calls $0.25 
Hero: folds
*** FLOP *** [7h 4d 9d]
PLR_2290269SG: bets $0.40 
PLR_6636087XM: calls $0.40 
Seat sit down
PLR_4111600FU: calls $0.40 
*** TURN *** [7h 4d 9d] [Qc]
Table deposit $10 
PLR_2290269SG: bets $0.30 
PLR_6636087XM: raises $1.60 to $1.60
PLR_4111600FU: calls $1.60 
PLR_2290269SG: calls $1.30 
*** RIVER *** [7h 4d 9d Qc] [9s]
PLR_2290269SG: bets $4 
PLR_6636087XM: folds
PLR_4111600FU: calls $3.21 and is all-in
*** SHOW DOWN ***
PLR_2290269SG: shows [9h 6s] (three of a kind, Nines)
PLR_4111600FU: Mucks [Ad Qh] (Two pair)
Uncalled bet ($0.79) returned to PLR_2290269SG
PLR_2290269SG collected $12.75 from pot
*** SUMMARY ***
Total pot $13.42 | Rake $0.67
Board [7h 4d 9d Qc 9s]
Seat 1: PLR_6636087XM mucked
Seat 2: PLR_4111600FU (button) mucked [Ad Qh]
Seat 3: PLR_2290269SG (small blind) showed [9h 6s] and won ($12.75) with three of a kind, Nines
Seat 5: Hero (big blind) mucked
Seat 6: PLR_1602687SK mucked



PokerStars Hand #3591343107: Hold'em No Limit ($0.05/$0.10) - 2018/04/11 3:39:59
Table '#14913699' 6-max Seat #3 is the button
Seat 1: PLR_6636087XM ($8.95 in chips)
Seat 3: PLR_2290269SG ($23.52 in chips)
Seat 5: Hero ($13.45 in chips)
Seat 6: PLR_1602687SK ($10.57 in chips)
Hero: posts small blind $0.05
PLR_1602687SK: posts big blind $0.10
*** HOLE CARDS ***
Dealt to Hero [Kd Ah]
PLR_6636087XM: folds
Table leave user
PLR_2290269SG: folds
Hero: raises $0.25 to $0.30
PLR_1602687SK: folds
Uncalled bet ($0.20) returned to Hero
Hero: doesn't show hand
Hero collected $0.2 from pot
*** SUMMARY ***
Total pot $0.2 | Rake $0.00
Seat 1: PLR_6636087XM mucked
Seat 3: PLR_2290269SG (button) mucked
Seat 5: Hero (small blind) won ($0.2)
Seat 6: PLR_1602687SK (big blind) mucked



PokerStars Hand #3591343223: Hold'em No Limit ($0.05/$0.10) - 2018/04/11 3:40:24
Table '#14913699' 6-max Seat #5 is the button
Seat 1: PLR_6636087XM ($8.95 in chips)
Seat 3: PLR_2290269SG ($23.52 in chips)
Seat 5: Hero ($13.55 in chips)
Seat 6: PLR_1602687SK ($10.47 in chips)
PLR_1602687SK: posts small blind $0.05
PLR_6636087XM: posts big blind $0.10
*** HOLE CARDS ***
Dealt to Hero [Jh 9s]
PLR_2290269SG: calls $0.10 
Seat sit down
Table deposit $10 
Hero: raises $0.44 to $0.44
PLR_1602687SK: calls $0.39 
PLR_6636087XM: folds
PLR_2290269SG: calls $0.34 
*** FLOP *** [4h 7d 9d]
PLR_1602687SK: checks
PLR_2290269SG: checks
Hero: bets $1 
PLR_1602687SK: folds
PLR_2290269SG: folds
Uncalled bet ($1) returned to Hero
Hero: doesn't show hand
Hero collected $1.35 from pot
*** SUMMARY ***
Total pot $1.42 | Rake $0.07
Board [4h 7d 9d]
Seat 1: PLR_6636087XM (big blind) mucked
Seat 3: PLR_2290269SG mucked
Seat 5: Hero (button) won ($1.35)
Seat 6: PLR_1602687SK (small blind) mucked



PokerStars Hand #3591343454: Hold'em No Limit ($0.05/$0.10) - 2018/04/11 3:41:18
Table '#14913699' 6-max Seat #6 is the button
Seat 1: PLR_6636087XM ($8.85 in chips)
Seat 2: PLR_4111600FU ($10 in chips)
Seat 3: PLR_2290269SG ($23.08 in chips)
Seat 5: Hero ($14.46 in chips)
Seat 6: PLR_1602687SK ($10.03 in chips)
PLR_6636087XM: posts small blind $0.05
PLR_4111600FU: posts big blind $0.10
*** HOLE CARDS ***
Dealt to Hero [8s Ac]
PLR_2290269SG: calls $0.10 
Hero: folds
PLR_1602687SK: folds
PLR_6636087XM: calls $0.05 
PLR_4111600FU: checks
*** FLOP *** [7h Jh 9d]
PLR_6636087XM: checks
PLR_4111600FU: checks
PLR_2290269SG: checks
*** TURN *** [7h Jh 9d] [9c]
PLR_6636087XM: bets $0.50 
PLR_4111600FU: folds
PLR_2290269SG: folds
Uncalled bet ($0.50) returned to PLR_6636087XM
PLR_6636087XM: doesn't show hand
PLR_6636087XM collected $0.29 from pot
*** SUMMARY ***
Total pot $0.3 | Rake $0.01
Board [7h Jh 9d 9c]
Seat 1: PLR_6636087XM (small blind) won ($0.29)
Seat 2: PLR_4111600FU (big blind) mucked
Seat 3: PLR_2290269SG mucked
Seat 5: Hero mucked
Seat 6: PLR_1602687SK (button) mucked



PokerStars Hand #3591343645: Hold'em No Limit ($0.05/$0.10) - 2018/04/11 3:42:02
Table '#14913699' 6-max Seat #1 is the button
Seat 1: PLR_6636087XM ($9.04 in chips)
Seat 2: PLR_4111600FU ($9.90 in chips)
Seat 4: PLR_7521282IL ($10 in chips)
Seat 5: Hero ($14.46 in chips)
Seat 6: PLR_1602687SK ($10.03 in chips)
PLR_4111600FU: posts small blind $0.05
PLR_7521282IL: posts big blind $0.10
*** HOLE CARDS ***
Dealt to Hero [5s Kd]
Hero: folds
PLR_1602687SK: raises $0.30 to $0.30
PLR_6636087XM: calls $0.30 
PLR_4111600FU: calls $0.25 
PLR_7521282IL: folds
*** FLOP *** [Td 7d 8d]
PLR_4111600FU: checks
PLR_1602687SK: bets $0.60 
PLR_6636087XM: folds
PLR_4111600FU: folds
Uncalled bet ($0.60) returned to PLR_1602687SK
PLR_1602687SK: doesn't show hand
PLR_1602687SK collected $0.95 from pot
*** SUMMARY ***
Total pot $1 | Rake $0.05
Board [Td 7d 8d]
Seat 1: PLR_6636087XM (button) mucked
Seat 2: PLR_4111600FU (small blind) mucked
Seat 4: PLR_7521282IL (big blind) mucked
Seat 5: Hero mucked
Seat 6: PLR_1602687SK won ($0.95)



PokerStars Hand #3591343869: Hold'em No Limit ($0.05/$0.10) - 2018/04/11 3:42:52
Table '#14913699' 6-max Seat #2 is the button
Seat 1: PLR_6636087XM ($8.74 in chips)
Seat 2: PLR_4111600FU ($9.60 in chips)
Seat 4: PLR_7521282IL ($9.90 in chips)
Seat 5: Hero ($14.46 in chips)
Seat 6: PLR_1602687SK ($10.68 in chips)
PLR_7521282IL: posts small blind $0.05
Hero: posts big blind $0.10
*** HOLE CARDS ***
Dealt to Hero [9h 6c]
PLR_1602687SK: folds
PLR_6636087XM: folds
PLR_4111600FU: raises $0.30 to $0.30
PLR_7521282IL: folds
Seat sit down
Table deposit $6.90 
Hero: folds
Uncalled bet ($0.20) returned to PLR_4111600FU
PLR_4111600FU: doesn't show hand
PLR_4111600FU collected $0.25 from pot
*** SUMMARY ***
Total pot $0.25 | Rake $0.00
Seat 1: PLR_6636087XM mucked
Seat 2: PLR_4111600FU (button) won ($0.25)
Seat 4: PLR_7521282IL (small blind) mucked
Seat 5: Hero (big blind) mucked
Seat 6: PLR_1602687SK mucked



PokerStars Hand #3591344032: Hold'em No Limit ($0.05/$0.10) - 2018/04/11 3:43:30
Table '#14913699' 6-max Seat #4 is the button
Seat 1: PLR_6636087XM ($8.74 in chips)
Seat 2: PLR_4111600FU ($9.75 in chips)
Seat 4: PLR_7521282IL ($9.85 in chips)
Seat 5: Hero ($14.36 in chips)
Seat 6: PLR_1602687SK ($10.68 in chips)
Hero: posts small blind $0.05
PLR_1602687SK: posts big blind $0.10
*** HOLE CARDS ***
Dealt to Hero [8h Ac]
PLR_6636087XM: raises $0.35 to $0.35
PLR_4111600FU: folds
PLR_7521282IL: folds
Hero: folds
PLR_1602687SK: folds
Uncalled bet ($0.25) returned to PLR_6636087XM
PLR_6636087XM: doesn't show hand
PLR_6636087XM collected $0.25 from pot
*** SUMMARY ***
Total pot $0.25 | Rake $0.00
Seat 1: PLR_6636087XM won ($0.25)
Seat 2: PLR_4111600FU mucked
Seat 4: PLR_7521282IL (button) mucked
Seat 5: Hero (small blind) mucked
Seat 6: PLR_1602687SK (big blind) mucked



PokerStars Hand #3591344120: Hold'em No Limit ($0.05/$0.10) - 2018/04/11 3:43:48
Table '#14913699' 6-max Seat #5 is the button
Seat 1: PLR_6636087XM ($8.89 in chips)
Seat 2: PLR_4111600FU ($9.75 in chips)
Seat 4: PLR_7521282IL ($9.85 in chips)
Seat 5: Hero ($14.31 in chips)
Seat 6: PLR_1602687SK ($10.58 in chips)
PLR_1602687SK: posts small blind $0.05
PLR_6636087XM: posts big blind $0.10
*** HOLE CARDS ***
Dealt to Hero [Ac 8d]
PLR_4111600FU: raises $0.30 to $0.30
PLR_7521282IL: folds
Hero: folds
PLR_1602687SK: folds
Table leave user
PLR_6636087XM: folds
Uncalled bet ($0.20) returned to PLR_4111600FU
PLR_4111600FU: doesn't show hand
PLR_4111600FU collected $0.25 from pot
*** SUMMARY ***
Total pot $0.25 | Rake $0.00
Seat 1: PLR_6636087XM (big blind) mucked
Seat 2: PLR_4111600FU won ($0.25)
Seat 4: PLR_7521282IL mucked
Seat 5: Hero (button) mucked
Seat 6: PLR_1602687SK (small blind) mucked



PokerStars Hand #3591344232: Hold'em No Limit ($0.05/$0.10) - 2018/04/11 3:44:14
Table '#14913699' 6-max Seat #6 is the button
Seat 1: PLR_6636087XM ($8.79 in chips)
Seat 2: PLR_4111600FU ($9.90 in chips)
Seat 4: PLR_7521282IL ($9.85 in chips)
Seat 5: Hero ($14.31 in chips)
Seat 6: PLR_1602687SK ($10.53 in chips)
PLR_6636087XM: posts small blind $0.05
PLR_4111600FU: posts big blind $0.10
*** HOLE CARDS ***
Dealt to Hero [Js Qd]
PLR_7521282IL: folds
Hero: raises $0.35 to $0.35
PLR_1602687SK: folds
PLR_6636087XM: raises $1.20 to $1.25
PLR_4111600FU: folds
Hero: folds
Uncalled bet ($0.90) returned to PLR_6636087XM
PLR_6636087XM: doesn't show hand
PLR_6636087XM collected $0.8 from pot
*** SUMMARY ***
Total pot $0.8 | Rake $0.00
Seat 1: PLR_6636087XM (small blind) won ($0.8)
Seat 2: PLR_4111600FU (big blind) mucked
Seat 4: PLR_7521282IL mucked
Seat 5: Hero mucked
Seat 6: PLR_1602687SK (button) mucked



PokerStars Hand #3591344436: Hold'em No Limit ($0.05/$0.10) - 2018/04/11 3:44:58
Table '#14913699' 6-max Seat #1 is the button
Seat 1: PLR_6636087XM ($9.24 in chips)
Seat 2: PLR_4111600FU ($9.80 in chips)
Seat 3: PLR_6583792CZ ($6.90 in chips)
Seat 4: PLR_7521282IL ($9.85 in chips)
Seat 5: Hero ($13.96 in chips)
Seat 6: PLR_1602687SK ($10.53 in chips)
PLR_4111600FU: posts small blind $0.05
PLR_6583792CZ: posts big blind $0.10
*** HOLE CARDS ***
Dealt to Hero [Ac 5h]
PLR_7521282IL: raises $0.30 to $0.30
Hero: folds
PLR_1602687SK: folds
PLR_6636087XM: folds
PLR_4111600FU: folds
PLR_6583792CZ: calls $0.20 
*** FLOP *** [4h 8d 5c]
PLR_6583792CZ: bets $0.60 
PLR_7521282IL: calls $0.60 
*** TURN *** [4h 8d 5c] [Kc]
PLR_6583792CZ: checks
PLR_7521282IL: checks
*** RIVER *** [4h 8d 5c Kc] [4s]
PLR_6583792CZ: checks
PLR_7521282IL: checks
*** SHOW DOWN ***
PLR_6583792CZ: shows [Qc 8c] (two pair, Eights and Fours)
PLR_7521282IL: Mucks [6d 6h] (Two pair)
PLR_6583792CZ collected $1.76 from pot
*** SUMMARY ***
Total pot $1.85 | Rake $0.09
Board [4h 8d 5c Kc 4s]
Seat 1: PLR_6636087XM (button) mucked
Seat 2: PLR_4111600FU (small blind) mucked
Seat 3: PLR_6583792CZ (big blind) showed [Qc 8c] and won ($1.76) with two pair, Eights and Fours
Seat 4: PLR_7521282IL mucked [6d 6h]
Seat 5: Hero mucked
Seat 6: PLR_1602687SK mucked



PokerStars Hand #3591344680: Hold'em No Limit ($0.05/$0.10) - 2018/04/11 3:45:55
Table '#14913699' 6-max Seat #2 is the button
Seat 1: PLR_6636087XM ($9.24 in chips)
Seat 2: PLR_4111600FU ($9.75 in chips)
Seat 3: PLR_6583792CZ ($7.76 in chips)
Seat 4: PLR_7521282IL ($10 in chips)
Seat 5: Hero ($13.96 in chips)
Seat 6: PLR_1602687SK ($10.53 in chips)
PLR_6583792CZ: posts small blind $0.05
PLR_7521282IL: posts big blind $0.10
*** HOLE CARDS ***
Dealt to Hero [2d 8c]
Hero: folds
PLR_1602687SK: folds
PLR_6636087XM: folds
PLR_4111600FU: raises $0.30 to $0.30
PLR_6583792CZ: folds
PLR_7521282IL: calls $0.20 
*** FLOP *** [Kd 4s Tc]
PLR_7521282IL: checks
PLR_4111600FU: bets $0.30 
PLR_7521282IL: calls $0.30 
*** TURN *** [Kd 4s Tc] [Jc]
PLR_7521282IL: checks
PLR_4111600FU: bets $0.75 
PLR_7521282IL: calls $0.75 
*** RIVER *** [Kd 4s Tc Jc] [5d]
PLR_7521282IL: checks
PLR_4111600FU: bets $2.25 
PLR_7521282IL: folds
Uncalled bet ($2.25) returned to PLR_4111600FU
PLR_4111600FU: doesn't show hand
PLR_4111600FU collected $2.62 from pot
*** SUMMARY ***
Total pot $2.75 | Rake $0.13
Board [Kd 4s Tc Jc 5d]
Seat 1: PLR_6636087XM mucked
Seat 2: PLR_4111600FU (button) won ($2.62)
Seat 3: PLR_6583792CZ (small blind) mucked
Seat 4: PLR_7521282IL (big blind) mucked
Seat 5: Hero mucked
Seat 6: PLR_1602687SK mucked



PokerStars Hand #3591344994: Hold'em No Limit ($0.05/$0.10) - 2018/04/11 3:47:10
Table '#14913699' 6-max Seat #3 is the button
Seat 1: PLR_6636087XM ($9.24 in chips)
Seat 2: PLR_4111600FU ($11.02 in chips)
Seat 3: PLR_6583792CZ ($7.71 in chips)
Seat 4: PLR_7521282IL ($10 in chips)
Seat 5: Hero ($13.96 in chips)
Seat 6: PLR_1602687SK ($10.53 in chips)
PLR_7521282IL: posts small blind $0.05
Hero: posts big blind $0.10
*** HOLE CARDS ***
Dealt to Hero [5h 7d]
PLR_1602687SK: folds
PLR_6636087XM: raises $0.30 to $0.30
PLR_4111600FU: folds
PLR_6583792CZ: calls $0.30 
PLR_7521282IL: folds
Hero: folds
*** FLOP *** [3c Ad Th]
PLR_6636087XM: checks
PLR_6583792CZ: checks
*** TURN *** [3c Ad Th] [Ac]
PLR_6636087XM: checks
PLR_6583792CZ: checks
*** RIVER *** [3c Ad Th Ac] [5s]
PLR_6636087XM: bets $0.47 
PLR_6583792CZ: folds
Uncalled bet ($0.47) returned to PLR_6636087XM
PLR_6636087XM: doesn't show hand
PLR_6636087XM collected $0.72 from pot
*** SUMMARY ***
Total pot $0.75 | Rake $0.03
Board [3c Ad Th Ac 5s]
Seat 1: PLR_6636087XM won ($0.72)
Seat 2: PLR_4111600FU mucked
Seat 3: PLR_6583792CZ (button) mucked
Seat 4: PLR_7521282IL (small blind) mucked
Seat 5: Hero (big blind) mucked
Seat 6: PLR_1602687SK mucked



PokerStars Hand #3591345207: Hold'em No Limit ($0.05/$0.10) - 2018/04/11 3:48:01
Table '#14913699' 6-max Seat #4 is the button
Seat 1: PLR_6636087XM ($9.66 in chips)
Seat 2: PLR_4111600FU ($11.02 in chips)
Seat 3: PLR_6583792CZ ($7.41 in chips)
Seat 4: PLR_7521282IL ($9.95 in chips)
Seat 5: Hero ($13.86 in chips)
Seat 6: PLR_1602687SK ($10.53 in chips)
Hero: posts small blind $0.05
PLR_1602687SK: posts big blind $0.10
*** HOLE CARDS ***
Dealt to Hero [Jd 6h]
PLR_6636087XM: folds
PLR_4111600FU: folds
PLR_6583792CZ: raises $0.30 to $0.30
PLR_7521282IL: folds
Hero: folds
PLR_1602687SK: folds
Uncalled bet ($0.20) returned to PLR_6583792CZ
PLR_6583792CZ: doesn't show hand
PLR_6583792CZ collected $0.25 from pot
*** SUMMARY ***
Total pot $0.25 | Rake $0.00
Seat 1: PLR_6636087XM mucked
Seat 2: PLR_4111600FU mucked
Seat 3: PLR_6583792CZ won ($0.25)
Seat 4: PLR_7521282IL (button) mucked
Seat 5: Hero (small blind) mucked
Seat 6: PLR_1602687SK (big blind) mucked



PokerStars Hand #3591345297: Hold'em No Limit ($0.05/$0.10) - 2018/04/11 3:48:21
Table '#14913699' 6-max Seat #5 is the button
Seat 1: PLR_6636087XM ($9.66 in chips)
Seat 2: PLR_4111600FU ($11.02 in chips)
Seat 3: PLR_6583792CZ ($7.56 in chips)
Seat 4: PLR_7521282IL ($9.95 in chips)
Seat 5: Hero ($13.81 in chips)
Seat 6: PLR_1602687SK ($10.43 in chips)
PLR_1602687SK: posts small blind $0.05
PLR_6636087XM: posts big blind $0.10
*** HOLE CARDS ***
Dealt to Hero [Jd Td]
PLR_4111600FU: folds
PLR_6583792CZ: folds
PLR_7521282IL: raises $0.30 to $0.30
Hero: calls $0.30 
PLR_1602687SK: folds
PLR_6636087XM: calls $0.20 
*** FLOP *** [Ah 3s 7c]
PLR_6636087XM: checks
PLR_7521282IL: bets $0.58 
Hero: folds
PLR_6636087XM: folds
Uncalled bet ($0.58) returned to PLR_7521282IL
PLR_7521282IL: doesn't show hand
PLR_7521282IL collected $0.91 from pot
*** SUMMARY ***
Total pot $0.95 | Rake $0.04
Board [Ah 3s 7c]
Seat 1: PLR_6636087XM (big blind) mucked
Seat 2: PLR_4111600FU mucked
Seat 3: PLR_6583792CZ mucked
Seat 4: PLR_7521282IL won ($0.91)
Seat 5: Hero (button) mucked
Seat 6: PLR_1602687SK (small blind) mucked



PokerStars Hand #3591345490: Hold'em No Limit ($0.05/$0.10) - 2018/04/11 3:49:13
Table '#14913699' 6-max Seat #6 is the button
Seat 1: PLR_6636087XM ($9.36 in chips)
Seat 2: PLR_4111600FU ($11.02 in chips)
Seat 3: PLR_6583792CZ ($7.56 in chips)
Seat 4: PLR_7521282IL ($10.56 in chips)
Seat 5: Hero ($13.51 in chips)
Seat 6: PLR_1602687SK ($10.38 in chips)
PLR_6636087XM: posts small blind $0.05
PLR_4111600FU: posts big blind $0.10
*** HOLE CARDS ***
Dealt to Hero [Jd 4h]
PLR_6583792CZ: folds
PLR_7521282IL: folds
Hero: folds
PLR_1602687SK: folds
PLR_6636087XM: folds
PLR_4111600FU: doesn't show hand
Uncalled bet ($0.1) returned to PLR_4111600FU
PLR_4111600FU collected $0.05 from pot
*** SUMMARY ***
Total pot $0.05 | Rake $0.00
Seat 1: PLR_6636087XM (small blind) mucked
Seat 2: PLR_4111600FU (big blind) won ($0.05)
Seat 3: PLR_6583792CZ mucked
Seat 4: PLR_7521282IL mucked
Seat 5: Hero mucked
Seat 6: PLR_1602687SK (button) mucked



PokerStars Hand #3591345558: Hold'em No Limit ($0.05/$0.10) - 2018/04/11 3:49:28
Table '#14913699' 6-max Seat #1 is the button
Seat 1: PLR_6636087XM ($9.31 in chips)
Seat 2: PLR_4111600FU ($11.07 in chips)
Seat 3: PLR_6583792CZ ($7.56 in chips)
Seat 4: PLR_7521282IL ($10.56 in chips)
Seat 5: Hero ($13.51 in chips)
Seat 6: PLR_1602687SK ($10.38 in chips)
PLR_4111600FU: posts small blind $0.05
PLR_6583792CZ: posts big blind $0.10
*** HOLE CARDS ***
Dealt to Hero [7s 3h]
PLR_7521282IL: folds
Hero: folds
PLR_1602687SK: raises $0.30 to $0.30
PLR_6636087XM: folds
PLR_4111600FU: folds
PLR_6583792CZ: calls $0.20 
*** FLOP *** [6s 2c 4c]
PLR_6583792CZ: bets $0.90 
PLR_1602687SK: folds
Uncalled bet ($0.90) returned to PLR_6583792CZ
PLR_6583792CZ: doesn't show hand
PLR_6583792CZ collected $0.62 from pot
*** SUMMARY ***
Total pot $0.65 | Rake $0.03
Board [6s 2c 4c]
Seat 1: PLR_6636087XM (button) mucked
Seat 2: PLR_4111600FU (small blind) mucked
Seat 3: PLR_6583792CZ (big blind) won ($0.62)
Seat 4: PLR_7521282IL mucked
Seat 5: Hero mucked
Seat 6: PLR_1602687SK mucked



PokerStars Hand #3591345723: Hold'em No Limit ($0.05/$0.10) - 2018/04/11 3:50:04
Table '#14913699' 6-max Seat #2 is the button
Seat 1: PLR_6636087XM ($9.31 in chips)
Seat 2: PLR_4111600FU ($11.02 in chips)
Seat 3: PLR_6583792CZ ($7.88 in chips)
Seat 4: PLR_7521282IL ($10.56 in chips)
Seat 5: Hero ($13.51 in chips)
Seat 6: PLR_1602687SK ($10.08 in chips)
PLR_6583792CZ: posts small blind $0.05
PLR_7521282IL: posts big blind $0.10
*** HOLE CARDS ***
Dealt to Hero [6c 6s]
Hero: raises $0.35 to $0.35
PLR_1602687SK: folds
PLR_6636087XM: calls $0.35 
PLR_4111600FU: folds
PLR_6583792CZ: folds 
PLR_7521282IL: folds
*** FLOP *** [8s 7c 4c]
Hero: checks
PLR_6583792CZ: Seat re-join
PLR_6636087XM: bets $0.55 
Hero: calls $0.55 
*** TURN *** [8s 7c 4c] [5d]
Hero: checks
PLR_6636087XM: bets $1.15 
Hero: calls $1.15 
*** RIVER *** [8s 7c 4c 5d] [Kh]
Hero: checks
PLR_6636087XM: checks
*** SHOW DOWN ***
Hero: shows [6c 6s] (a straight, Four to Eight)
PLR_6636087XM: Mucks [Qc 8c] (One pair)
Hero collected $4.04 from pot
*** SUMMARY ***
Total pot $4.25 | Rake $0.21
Board [8s 7c 4c 5d Kh]
Seat 1: PLR_6636087XM mucked [Qc 8c]
Seat 2: PLR_4111600FU (button) mucked
Seat 3: PLR_6583792CZ (small blind) mucked
Seat 4: PLR_7521282IL (big blind) mucked
Seat 5: Hero showed [6c 6s] and won ($4.04) with a straight, Four to Eight
Seat 6: PLR_1602687SK mucked



PokerStars Hand #3591346156: Hold'em No Limit ($0.05/$0.10) - 2018/04/11 3:51:48
Table '#14913699' 6-max Seat #3 is the button
Seat 1: PLR_6636087XM ($7.26 in chips)
Seat 2: PLR_4111600FU ($11.02 in chips)
Seat 3: PLR_6583792CZ ($7.83 in chips)
Seat 4: PLR_7521282IL ($10.46 in chips)
Seat 5: Hero ($15.50 in chips)
Seat 6: PLR_1602687SK ($10.08 in chips)
PLR_7521282IL: posts small blind $0.05
Hero: posts big blind $0.10
*** HOLE CARDS ***
Dealt to Hero [Ad Qs]
PLR_1602687SK: folds
PLR_6636087XM: folds
PLR_4111600FU: raises $0.30 to $0.30
PLR_6583792CZ: folds
PLR_7521282IL: folds
Hero: raises $0.89 to $0.99
PLR_4111600FU: calls $0.69 
*** FLOP *** [Jc 4c Kh]
Hero: checks
PLR_4111600FU: checks
*** TURN *** [Jc 4c Kh] [4h]
Hero: checks
PLR_4111600FU: bets $1.25 
Hero: calls $1.25 
*** RIVER *** [Jc 4c Kh 4h] [9h]
Hero: checks
PLR_4111600FU: bets $2.95 
Hero: calls $2.95 
*** SHOW DOWN ***
PLR_4111600FU: shows [4d Td] (three of a kind, Fours)
Hero: Mucks [Ad Qs] (One pair)
PLR_4111600FU collected $9.91 from pot
*** SUMMARY ***
Total pot $10.43 | Rake $0.52
Board [Jc 4c Kh 4h 9h]
Seat 1: PLR_6636087XM mucked
Seat 2: PLR_4111600FU showed [4d Td] and won ($9.91) with three of a kind, Fours
Seat 3: PLR_6583792CZ (button) mucked
Seat 4: PLR_7521282IL (small blind) mucked
Seat 5: Hero (big blind) mucked [Ad Qs]
Seat 6: PLR_1602687SK mucked



PokerStars Hand #3591346631: Hold'em No Limit ($0.05/$0.10) - 2018/04/11 3:53:41
Table '#14913699' 6-max Seat #4 is the button
Seat 1: PLR_6636087XM ($7.26 in chips)
Seat 2: PLR_4111600FU ($15.74 in chips)
Seat 3: PLR_6583792CZ ($7.83 in chips)
Seat 4: PLR_7521282IL ($10.41 in chips)
Seat 5: Hero ($10.31 in chips)
Seat 6: PLR_1602687SK ($10.08 in chips)
Hero: posts small blind $0.05
PLR_1602687SK: posts big blind $0.10
*** HOLE CARDS ***
Dealt to Hero [5c 3s]
PLR_6636087XM: folds
PLR_4111600FU: raises $0.30 to $0.30
PLR_6583792CZ: folds
PLR_7521282IL: folds
Hero: folds
PLR_1602687SK: folds
Uncalled bet ($0.20) returned to PLR_4111600FU
PLR_4111600FU: doesn't show hand
PLR_4111600FU collected $0.25 from pot
*** SUMMARY ***
Total pot $0.25 | Rake $0.00
Seat 1: PLR_6636087XM mucked
Seat 2: PLR_4111600FU won ($0.25)
Seat 3: PLR_6583792CZ mucked
Seat 4: PLR_7521282IL (button) mucked
Seat 5: Hero (small blind) mucked
Seat 6: PLR_1602687SK (big blind) mucked



PokerStars Hand #3591346712: Hold'em No Limit ($0.05/$0.10) - 2018/04/11 3:54:02
Table '#14913699' 6-max Seat #5 is the button
Seat 1: PLR_6636087XM ($7.26 in chips)
Seat 2: PLR_4111600FU ($15.89 in chips)
Seat 3: PLR_6583792CZ ($7.83 in chips)
Seat 4: PLR_7521282IL ($10.41 in chips)
Seat 5: Hero ($10.26 in chips)
Seat 6: PLR_1602687SK ($9.98 in chips)
PLR_1602687SK: posts small blind $0.05
PLR_6636087XM: posts big blind $0.10
*** HOLE CARDS ***
Dealt to Hero [8c 5s]
PLR_4111600FU: folds
PLR_6583792CZ: raises $0.40 to $0.40
PLR_7521282IL: calls $0.40 
Hero: folds
PLR_1602687SK: folds
PLR_6636087XM: folds
*** FLOP *** [4h 4c Ad]
PLR_6583792CZ: checks
PLR_7521282IL: bets $0.57 
PLR_6583792CZ: folds
Uncalled bet ($0.57) returned to PLR_7521282IL
PLR_7521282IL: doesn't show hand
PLR_7521282IL collected $0.91 from pot
*** SUMMARY ***
Total pot $0.95 | Rake $0.04
Board [4h 4c Ad]
Seat 1: PLR_6636087XM (big blind) mucked
Seat 2: PLR_4111600FU mucked
Seat 3: PLR_6583792CZ mucked
Seat 4: PLR_7521282IL won ($0.91)
Seat 5: Hero (button) mucked
Seat 6: PLR_1602687SK (small blind) mucked



PokerStars Hand #3591346857: Hold'em No Limit ($0.05/$0.10) - 2018/04/11 3:54:34
Table '#14913699' 6-max Seat #6 is the button
Seat 1: PLR_6636087XM ($7.16 in chips)
Seat 2: PLR_4111600FU ($15.89 in chips)
Seat 3: PLR_6583792CZ ($7.43 in chips)
Seat 4: PLR_7521282IL ($10.92 in chips)
Seat 5: Hero ($10.26 in chips)
Seat 6: PLR_1602687SK ($9.93 in chips)
PLR_6636087XM: posts small blind $0.05
PLR_4111600FU: posts big blind $0.10
*** HOLE CARDS ***
Dealt to Hero [4d 5c]
PLR_6583792CZ: folds
PLR_7521282IL: folds
Hero: folds
PLR_1602687SK: folds
PLR_6636087XM: folds
PLR_4111600FU: doesn't show hand
Uncalled bet ($0.1) returned to PLR_4111600FU
PLR_4111600FU collected $0.05 from pot
*** SUMMARY ***
Total pot $0.05 | Rake $0.00
Seat 1: PLR_6636087XM (small blind) mucked
Seat 2: PLR_4111600FU (big blind) won ($0.05)
Seat 3: PLR_6583792CZ mucked
Seat 4: PLR_7521282IL mucked
Seat 5: Hero mucked
Seat 6: PLR_1602687SK (button) mucked



PokerStars Hand #3591346925: Hold'em No Limit ($0.05/$0.10) - 2018/04/11 3:54:50
Table '#14913699' 6-max Seat #1 is the button
Seat 1: PLR_6636087XM ($7.11 in chips)
Seat 2: PLR_4111600FU ($15.94 in chips)
Seat 3: PLR_6583792CZ ($7.43 in chips)
Seat 4: PLR_7521282IL ($10.92 in chips)
Seat 5: Hero ($10.26 in chips)
Seat 6: PLR_1602687SK ($9.93 in chips)
PLR_4111600FU: posts small blind $0.05
PLR_6583792CZ: posts big blind $0.10
*** HOLE CARDS ***
Dealt to Hero [3s Kc]
PLR_7521282IL: folds
Hero: folds
PLR_1602687SK: raises $0.30 to $0.30
PLR_6636087XM: folds
PLR_4111600FU: calls $0.25 
PLR_6583792CZ: folds
*** FLOP *** [4s 3c 9h]
PLR_4111600FU: checks
PLR_1602687SK: bets $0.35 
PLR_4111600FU: folds
Uncalled bet ($0.35) returned to PLR_1602687SK
PLR_1602687SK: doesn't show hand
PLR_1602687SK collected $0.67 from pot
*** SUMMARY ***
Total pot $0.7 | Rake $0.03
Board [4s 3c 9h]
Seat 1: PLR_6636087XM (button) mucked
Seat 2: PLR_4111600FU (small blind) mucked
Seat 3: PLR_6583792CZ (big blind) mucked
Seat 4: PLR_7521282IL mucked
Seat 5: Hero mucked
Seat 6: PLR_1602687SK won ($0.67)



PokerStars Hand #3591347127: Hold'em No Limit ($0.05/$0.10) - 2018/04/11 3:55:39
Table '#14913699' 6-max Seat #2 is the button
Seat 1: PLR_6636087XM ($7.11 in chips)
Seat 2: PLR_4111600FU ($15.64 in chips)
Seat 3: PLR_6583792CZ ($7.33 in chips)
Seat 4: PLR_7521282IL ($10.92 in chips)
Seat 5: Hero ($10.26 in chips)
Seat 6: PLR_1602687SK ($10.30 in chips)
PLR_6583792CZ: posts small blind $0.05
PLR_7521282IL: posts big blind $0.10
*** HOLE CARDS ***
Dealt to Hero [6d 7d]
Hero: raises $0.40 to $0.40
PLR_1602687SK: calls $0.40 
PLR_6636087XM: folds
PLR_4111600FU: folds
PLR_6583792CZ: folds
PLR_7521282IL: folds
*** FLOP *** [7s 2d 8h]
Hero: checks
PLR_1602687SK: bets $0.62 
Hero: calls $0.62 
*** TURN *** [7s 2d 8h] [7h]
Hero: checks
PLR_1602687SK: bets $1.35 
Hero: calls $1.35 
*** RIVER *** [7s 2d 8h 7h] [4h]
Hero: checks
PLR_1602687SK: checks
*** SHOW DOWN ***
Hero: shows [6d 7d] (three of a kind, Sevens)
PLR_1602687SK: Mucks [Qs Ts] (One pair)
Hero collected $4.65 from pot
*** SUMMARY ***
Total pot $4.89 | Rake $0.24
Board [7s 2d 8h 7h 4h]
Seat 1: PLR_6636087XM mucked
Seat 2: PLR_4111600FU (button) mucked
Seat 3: PLR_6583792CZ (small blind) mucked
Seat 4: PLR_7521282IL (big blind) mucked
Seat 5: Hero showed [6d 7d] and won ($4.65) with three of a kind, Sevens
Seat 6: PLR_1602687SK mucked [Qs Ts]



PokerStars Hand #3591347428: Hold'em No Limit ($0.05/$0.10) - 2018/04/11 3:56:53
Table '#14913699' 6-max Seat #3 is the button
Seat 1: PLR_6636087XM ($7.11 in chips)
Seat 2: PLR_4111600FU ($15.64 in chips)
Seat 3: PLR_6583792CZ ($7.28 in chips)
Seat 4: PLR_7521282IL ($10.82 in chips)
Seat 5: Hero ($12.54 in chips)
Seat 6: PLR_1602687SK ($7.93 in chips)
PLR_7521282IL: posts small blind $0.05
Hero: posts big blind $0.10
*** HOLE CARDS ***
Dealt to Hero [Js 8h]
PLR_1602687SK: folds
PLR_6636087XM: folds
PLR_4111600FU: folds
PLR_6583792CZ: folds
PLR_7521282IL: raises $0.25 to $0.30
Hero: calls $0.20 
*** FLOP *** [9d Kh 7s]
PLR_7521282IL: bets $0.35 
Hero: raises $1.10 to $1.10
PLR_7521282IL: calls $0.75 
*** TURN *** [9d Kh 7s] [Ac]
PLR_7521282IL: checks
Hero: bets $2 
PLR_7521282IL: folds
Uncalled bet ($2) returned to Hero
Hero: doesn't show hand
Hero collected $2.66 from pot
*** SUMMARY ***
Total pot $2.8 | Rake $0.14
Board [9d Kh 7s Ac]
Seat 1: PLR_6636087XM mucked
Seat 2: PLR_4111600FU mucked
Seat 3: PLR_6583792CZ (button) mucked
Seat 4: PLR_7521282IL (small blind) mucked
Seat 5: Hero (big blind) won ($2.66)
Seat 6: PLR_1602687SK mucked



PokerStars Hand #3591347754: Hold'em No Limit ($0.05/$0.10) - 2018/04/11 3:58:15
Table '#14913699' 6-max Seat #4 is the button
Seat 1: PLR_6636087XM ($7.11 in chips)
Seat 2: PLR_4111600FU ($15.64 in chips)
Seat 3: PLR_6583792CZ ($7.28 in chips)
Seat 4: PLR_7521282IL ($10 in chips)
Seat 5: Hero ($13.80 in chips)
Seat 6: PLR_1602687SK ($10 in chips)
Hero: posts small blind $0.05
PLR_1602687SK: posts big blind $0.10
*** HOLE CARDS ***
Dealt to Hero [4c Jd]
PLR_6636087XM: folds
PLR_4111600FU: folds
PLR_6583792CZ: folds
PLR_7521282IL: folds
Hero: folds
PLR_1602687SK: doesn't show hand
Uncalled bet ($0.1) returned to PLR_1602687SK
PLR_1602687SK collected $0.05 from pot
*** SUMMARY ***
Total pot $0.05 | Rake $0.00
Seat 1: PLR_6636087XM mucked
Seat 2: PLR_4111600FU mucked
Seat 3: PLR_6583792CZ mucked
Seat 4: PLR_7521282IL (button) mucked
Seat 5: Hero (small blind) mucked
Seat 6: PLR_1602687SK (big blind) won ($0.05)



PokerStars Hand #3591347802: Hold'em No Limit ($0.05/$0.10) - 2018/04/11 3:58:28
Table '#14913699' 6-max Seat #5 is the button
Seat 1: PLR_6636087XM ($7.11 in chips)
Seat 2: PLR_4111600FU ($15.64 in chips)
Seat 3: PLR_6583792CZ ($7.28 in chips)
Seat 4: PLR_7521282IL ($10 in chips)
Seat 5: Hero ($13.75 in chips)
Seat 6: PLR_1602687SK ($10.05 in chips)
PLR_1602687SK: posts small blind $0.05
PLR_6636087XM: posts big blind $0.10
*** HOLE CARDS ***
Dealt to Hero [Qs 8s]
PLR_4111600FU: folds
PLR_6583792CZ: folds
PLR_7521282IL: raises $0.30 to $0.30
Hero: calls $0.30 
PLR_1602687SK: folds
PLR_6636087XM: calls $0.20 
*** FLOP *** [7c 6s 7d]
PLR_6636087XM: checks
PLR_7521282IL: checks
Hero: bets $0.40 
PLR_6636087XM: folds
PLR_7521282IL: folds
Uncalled bet ($0.40) returned to Hero
Hero: doesn't show hand
Hero collected $0.91 from pot
*** SUMMARY ***
Total pot $0.95 | Rake $0.04
Board [7c 6s 7d]
Seat 1: PLR_6636087XM (big blind) mucked
Seat 2: PLR_4111600FU mucked
Seat 3: PLR_6583792CZ mucked
Seat 4: PLR_7521282IL mucked
Seat 5: Hero (button) won ($0.91)
Seat 6: PLR_1602687SK (small blind) mucked



PokerStars Hand #3591348111: Hold'em No Limit ($0.05/$0.10) - 2018/04/11 3:59:47
Table '#14913699' 6-max Seat #6 is the button
Seat 1: PLR_6636087XM ($9.31 in chips)
Seat 2: PLR_4111600FU ($15.64 in chips)
Seat 3: PLR_6583792CZ ($7.28 in chips)
Seat 4: PLR_7521282IL ($10 in chips)
Seat 5: Hero ($14.36 in chips)
Seat 6: PLR_1602687SK ($10 in chips)
PLR_6636087XM: posts small blind $0.05
PLR_4111600FU: posts big blind $0.10
*** HOLE CARDS ***
Dealt to Hero [5c Th]
PLR_6583792CZ: raises $0.30 to $0.30
PLR_7521282IL: folds
Hero: folds
PLR_1602687SK: calls $0.30 
PLR_6636087XM: folds
PLR_4111600FU: calls $0.20 
*** FLOP *** [4h Kc 7h]
PLR_4111600FU: checks
PLR_6583792CZ: bets $0.90 
PLR_1602687SK: folds
PLR_4111600FU: calls $0.90 
*** TURN *** [4h Kc 7h] [As]
PLR_4111600FU: checks
PLR_6583792CZ: checks
*** RIVER *** [4h Kc 7h As] [2h]
PLR_4111600FU: checks
PLR_6583792CZ: bets $1 
PLR_4111600FU: folds
Uncalled bet ($1) returned to PLR_6583792CZ
PLR_6583792CZ: doesn't show hand
PLR_6583792CZ collected $2.62 from pot
*** SUMMARY ***
Total pot $2.75 | Rake $0.13
Board [4h Kc 7h As 2h]
Seat 1: PLR_6636087XM (small blind) mucked
Seat 2: PLR_4111600FU (big blind) mucked
Seat 3: PLR_6583792CZ won ($2.62)
Seat 4: PLR_7521282IL mucked
Seat 5: Hero mucked
Seat 6: PLR_1602687SK (button) mucked



PokerStars Hand #3591348378: Hold'em No Limit ($0.05/$0.10) - 2018/04/11 4:00:54
Table '#14913699' 6-max Seat #1 is the button
Seat 1: PLR_6636087XM ($9.26 in chips)
Seat 2: PLR_4111600FU ($14.44 in chips)
Seat 3: PLR_6583792CZ ($8.70 in chips)
Seat 4: PLR_7521282IL ($10 in chips)
Seat 5: Hero ($14.36 in chips)
Seat 6: PLR_1602687SK ($9.70 in chips)
PLR_4111600FU: posts small blind $0.05
PLR_6583792CZ: posts big blind $0.10
*** HOLE CARDS ***
Dealt to Hero [6h Ts]
PLR_7521282IL: folds
Hero: folds
PLR_1602687SK: raises $0.30 to $0.30
PLR_6636087XM: folds
PLR_4111600FU: folds
PLR_6583792CZ: calls $0.20 
*** FLOP *** [Qd 4d 7s]
PLR_6583792CZ: bets $0.60 
PLR_1602687SK: calls $0.60 
*** TURN *** [Qd 4d 7s] [3s]
PLR_6583792CZ: bets $0.80 
PLR_1602687SK: calls $0.80 
*** RIVER *** [Qd 4d 7s 3s] [4c]
PLR_6583792CZ: checks
PLR_1602687SK: bets $2.12 
PLR_6583792CZ: calls $2.12 
*** SHOW DOWN ***
PLR_1602687SK: shows [8d 6d] (a pair of Fours)
PLR_6583792CZ: shows [Qh Kd] (two pair, Queens and Fours)
PLR_6583792CZ collected $7.31 from pot
*** SUMMARY ***
Total pot $7.69 | Rake $0.38
Board [Qd 4d 7s 3s 4c]
Seat 1: PLR_6636087XM (button) mucked
Seat 2: PLR_4111600FU (small blind) mucked
Seat 3: PLR_6583792CZ (big blind) showed [Qh Kd] and won ($7.31) with two pair, Queens and Fours
Seat 4: PLR_7521282IL mucked
Seat 5: Hero mucked
Seat 6: PLR_1602687SK showed [8d 6d] and lost with a pair of Fours



PokerStars Hand #3591348655: Hold'em No Limit ($0.05/$0.10) - 2018/04/11 4:02:04
Table '#14913699' 6-max Seat #2 is the button
Seat 1: PLR_6636087XM ($9.26 in chips)
Seat 2: PLR_4111600FU ($14.39 in chips)
Seat 3: PLR_6583792CZ ($12.19 in chips)
Seat 4: PLR_7521282IL ($10 in chips)
Seat 5: Hero ($14.36 in chips)
Seat 6: PLR_1602687SK ($5.88 in chips)
PLR_6583792CZ: posts small blind $0.05
PLR_7521282IL: posts big blind $0.10
*** HOLE CARDS ***
Dealt to Hero [6s 8h]
Hero: folds
PLR_1602687SK: raises $0.30 to $0.30
PLR_6636087XM: folds
PLR_4111600FU: folds
PLR_6583792CZ: folds
PLR_7521282IL: folds
Uncalled bet ($0.20) returned to PLR_1602687SK
PLR_1602687SK: doesn't show hand
PLR_1602687SK collected $0.25 from pot
*** SUMMARY ***
Total pot $0.25 | Rake $0.00
Seat 1: PLR_6636087XM mucked
Seat 2: PLR_4111600FU (button) mucked
Seat 3: PLR_6583792CZ (small blind) mucked
Seat 4: PLR_7521282IL (big blind) mucked
Seat 5: Hero mucked
Seat 6: PLR_1602687SK won ($0.25)



PokerStars Hand #3591348726: Hold'em No Limit ($0.05/$0.10) - 2018/04/11 4:02:24
Table '#14913699' 6-max Seat #3 is the button
Seat 1: PLR_6636087XM ($9.26 in chips)
Seat 2: PLR_4111600FU ($14.39 in chips)
Seat 3: PLR_6583792CZ ($12.14 in chips)
Seat 4: PLR_7521282IL ($9.90 in chips)
Seat 5: Hero ($14.36 in chips)
Seat 6: PLR_1602687SK ($6.03 in chips)
PLR_7521282IL: posts small blind $0.05
Hero: posts big blind $0.10
*** HOLE CARDS ***
Dealt to Hero [6c Kc]
PLR_1602687SK: raises $0.30 to $0.30
PLR_6636087XM: folds
PLR_4111600FU: folds
PLR_6583792CZ: folds
PLR_7521282IL: folds
Hero: calls $0.20 
*** FLOP *** [Js 7c 9s]
Hero: checks
PLR_1602687SK: bets $0.42 
Hero: folds
Uncalled bet ($0.42) returned to PLR_1602687SK
PLR_1602687SK: doesn't show hand
PLR_1602687SK collected $0.62 from pot
*** SUMMARY ***
Total pot $0.65 | Rake $0.03
Board [Js 7c 9s]
Seat 1: PLR_6636087XM mucked
Seat 2: PLR_4111600FU mucked
Seat 3: PLR_6583792CZ (button) mucked
Seat 4: PLR_7521282IL (small blind) mucked
Seat 5: Hero (big blind) mucked
Seat 6: PLR_1602687SK won ($0.62)



PokerStars Hand #3591348872: Hold'em No Limit ($0.05/$0.10) - 2018/04/11 4:03:02
Table '#14913699' 6-max Seat #4 is the button
Seat 1: PLR_6636087XM ($9.26 in chips)
Seat 2: PLR_4111600FU ($14.39 in chips)
Seat 4: PLR_7521282IL ($9.85 in chips)
Seat 5: Hero ($14.06 in chips)
Seat 6: PLR_1602687SK ($10 in chips)
Hero: posts small blind $0.05
PLR_1602687SK: posts big blind $0.10
*** HOLE CARDS ***
Dealt to Hero [5d 6d]
PLR_6636087XM: raises $0.30 to $0.30
PLR_4111600FU: folds
PLR_7521282IL: folds
Hero: calls $0.25 
PLR_1602687SK: folds
*** FLOP *** [3s 4s Qh]
Hero: checks
PLR_6636087XM: bets $0.40 
Seat sit down
Table deposit $3 
Hero: raises $1 to $1
PLR_6636087XM: calls $0.60 
*** TURN *** [3s 4s Qh] [Kc]
Hero: checks
PLR_6636087XM: bets $1.75 
Hero: folds
Uncalled bet ($1.75) returned to PLR_6636087XM
PLR_6636087XM: doesn't show hand
PLR_6636087XM collected $2.57 from pot
*** SUMMARY ***
Total pot $2.7 | Rake $0.13
Board [3s 4s Qh Kc]
Seat 1: PLR_6636087XM won ($2.57)
Seat 2: PLR_4111600FU mucked
Seat 4: PLR_7521282IL (button) mucked
Seat 5: Hero (small blind) mucked
Seat 6: PLR_1602687SK (big blind) mucked



PokerStars Hand #3591349250: Hold'em No Limit ($0.05/$0.10) - 2018/04/11 4:04:42
Table '#14913699' 6-max Seat #5 is the button
Seat 1: PLR_6636087XM ($10.53 in chips)
Seat 2: PLR_4111600FU ($14.39 in chips)
Seat 3: PLR_5429963PL ($3 in chips)
Seat 4: PLR_7521282IL ($9.85 in chips)
Seat 5: Hero ($12.76 in chips)
Seat 6: PLR_1602687SK ($9.90 in chips)
PLR_1602687SK: posts small blind $0.05
PLR_6636087XM: posts big blind $0.10
PLR_5429963PL: posts big blind $0.10
*** HOLE CARDS ***
Dealt to Hero [7c 2c]
PLR_4111600FU: raises $0.35 to $0.35
PLR_5429963PL: calls $0.25 
PLR_7521282IL: folds
Hero: folds
PLR_1602687SK: folds
PLR_6636087XM: folds
*** FLOP *** [Ts Ks Jd]
PLR_4111600FU: bets $0.45 
PLR_5429963PL: folds
Uncalled bet ($0.45) returned to PLR_4111600FU
PLR_4111600FU: doesn't show hand
PLR_4111600FU collected $0.81 from pot
*** SUMMARY ***
Total pot $0.85 | Rake $0.04
Board [Ts Ks Jd]
Seat 1: PLR_6636087XM (big blind) mucked
Seat 2: PLR_4111600FU won ($0.81)
Seat 3: PLR_5429963PL mucked
Seat 4: PLR_7521282IL mucked
Seat 5: Hero (button) mucked
Seat 6: PLR_1602687SK (small blind) mucked




