PokerStars Hand #3661260797: Tournament #21391319, $20+$2 - Hold'em No Limit (30/60) - 2018/04/06 22:06:14
Table '#18' Seat #5 is the button
Seat 1: Allen_Alfalfa (10,000 in chips)
Seat 2: Jamey_Apricots (9,980 in chips)
Seat 3: Hero (10,000 in chips)
Seat 4: Kyoko_Thyme (10,000 in chips)
Seat 5: Twyla_Collard (10,020 in chips)
Seat 6: Delcie_Lychee (10,029 in chips)
Seat 7: Simone_Figs (14,870 in chips)
Delcie_Lychee: posts small blind 30
Simone_Figs: posts big blind 60
*** HOLE CARDS ***
Dealt to Hero [Qd 7h]
Allen_Alfalfa: folds
Jamey_Apricots: folds
Hero: folds
Kyoko_Thyme: folds
Twyla_Collard: folds
Delcie_Lychee: raises 150 to 180
Simone_Figs: calls 120 
*** FLOP *** [Ac 4c Qh]
Delcie_Lychee: bets 200 
Simone_Figs: calls 200 
*** TURN *** [Ac 4c Qh] [Jh]
Delcie_Lychee: bets 400 
Simone_Figs: calls 400 
*** RIVER *** [Ac 4c Qh Jh] [2c]
Delcie_Lychee: bets 750 
Simone_Figs: calls 750 
*** SHOW DOWN ***
Delcie_Lychee: shows [Ad Jd] (two pair, Aces and Jacks)
Simone_Figs: Mucks [Td Ah] (One pair)
Delcie_Lychee collected 3060 from pot
*** SUMMARY ***
Total pot 3060 | Rake 0
Board [Ac 4c Qh Jh 2c]
Seat 1: Allen_Alfalfa mucked [4h 8s]
Seat 2: Jamey_Apricots mucked [6h Qs]
Seat 3: Hero mucked [Qd 7h]
Seat 4: Kyoko_Thyme mucked [5s Tc]
Seat 5: Twyla_Collard (button) mucked [6d Js]
Seat 6: Delcie_Lychee (small blind) showed [Ad Jd] and won (3060) with two pair, Aces and Jacks
Seat 7: Simone_Figs (big blind) mucked [Td Ah]



PokerStars Hand #3661261701: Tournament #21391319, $20+$2 - Hold'em No Limit (30/60) - 2018/04/06 22:07:41
Table '#18' Seat #7 is the button
Seat 1: Warner_Cabbage (10,000 in chips)
Seat 2: Magaly_Tomatoes (9,980 in chips)
Seat 3: Hero (10,000 in chips)
Seat 4: Arnita_Jujube (10,020 in chips)
Seat 5: Jewell_Honeydew (10,000 in chips)
Seat 6: Mitsue_Arugula (10,000 in chips)
Seat 7: Bonny_Parsley (11,559 in chips)
Seat 8: Dennis_Thyme (13,340 in chips)
Dennis_Thyme: posts small blind 30
Warner_Cabbage: posts big blind 60
*** HOLE CARDS ***
Dealt to Hero [5h Th]
Magaly_Tomatoes: folds
Hero: folds
Arnita_Jujube: folds
Jewell_Honeydew: folds
Mitsue_Arugula: raises 120 to 120
Bonny_Parsley: calls 120 
Dennis_Thyme: folds
Warner_Cabbage: folds
*** FLOP *** [Jh 7h 8c]
Mitsue_Arugula: bets 60 
Bonny_Parsley: calls 60 
*** TURN *** [Jh 7h 8c] [6d]
Mitsue_Arugula: bets 60 
Bonny_Parsley: raises 222 to 222
Mitsue_Arugula: folds
Uncalled bet (162) returned to Bonny_Parsley
Bonny_Parsley: doesn't show hand
Bonny_Parsley collected 570 from pot
*** SUMMARY ***
Total pot 570 | Rake 0
Board [Jh 7h 8c 6d]
Seat 1: Warner_Cabbage (big blind) mucked [7s 6c]
Seat 2: Magaly_Tomatoes mucked [Jc 4h]
Seat 3: Hero mucked [5h Th]
Seat 4: Arnita_Jujube mucked [As 2h]
Seat 5: Jewell_Honeydew mucked [Kc Ts]
Seat 6: Mitsue_Arugula mucked [Ks 8d]
Seat 7: Bonny_Parsley (button) showed [4c 5c] and won (570)
Seat 8: Dennis_Thyme (small blind) mucked [2d 5d]



PokerStars Hand #3661262348: Tournament #21391319, $20+$2 - Hold'em No Limit (30/60) - 2018/04/06 22:08:41
Table '#18' Seat #9 is the button
Seat 1: Kit_Yuzu (9,940 in chips)
Seat 2: Maia_Parsley (9,980 in chips)
Seat 3: Hero (10,000 in chips)
Seat 4: Adrian_Plantain (10,000 in chips)
Seat 5: Julian_Celeriac (10,020 in chips)
Seat 6: Micki_Daikon (10,000 in chips)
Seat 7: Ellyn_Bilberry (9,760 in chips)
Seat 8: Jamey_Marjoram (11,889 in chips)
Seat 9: Lester_Broccoli (13,310 in chips)
Kit_Yuzu: posts small blind 30
Maia_Parsley: posts big blind 60
*** HOLE CARDS ***
Dealt to Hero [Ah Qs]
Hero: raises 180 to 180
Adrian_Plantain: folds
Julian_Celeriac: folds
Micki_Daikon: folds
Ellyn_Bilberry: calls 180 
Jamey_Marjoram: folds
Lester_Broccoli: folds
Kit_Yuzu: calls 150 
Maia_Parsley: folds
*** FLOP *** [Qh 8d Jd]
Kit_Yuzu: checks
Hero: bets 400 
Ellyn_Bilberry: folds
Kit_Yuzu: folds
Uncalled bet (400) returned to Hero
Hero: doesn't show hand
Hero collected 600 from pot
*** SUMMARY ***
Total pot 600 | Rake 0
Board [Qh 8d Jd]
Seat 1: Kit_Yuzu (small blind) mucked [4s Ks]
Seat 2: Maia_Parsley (big blind) mucked [9h 2s]
Seat 3: Hero showed [Ah Qs] and won (600)
Seat 4: Adrian_Plantain mucked [Kh 2h]
Seat 5: Julian_Celeriac mucked [2d 6d]
Seat 6: Micki_Daikon mucked [Jc Tc]
Seat 7: Ellyn_Bilberry mucked [6h 4c]
Seat 8: Jamey_Marjoram mucked [2c Th]
Seat 9: Lester_Broccoli (button) mucked [Ts Kd]



PokerStars Hand #3661263420: Tournament #21391319, $20+$2 - Hold'em No Limit (30/60) - 2018/04/06 22:10:26
Table '#18' Seat #1 is the button
Seat 1: Kelly_Ugli (9,760 in chips)
Seat 2: Johnny_Lemon (9,920 in chips)
Seat 3: Hero (10,420 in chips)
Seat 4: Glynda_Orange (10,000 in chips)
Seat 5: Noelle_Cilantro (10,020 in chips)
Seat 6: Salena_Lychee (10,000 in chips)
Seat 7: Porsha_Pumpkins (9,580 in chips)
Seat 8: Talia_Pomelo (11,889 in chips)
Seat 9: Asha_Yams (13,310 in chips)
Johnny_Lemon: posts small blind 30
Hero: posts big blind 60
*** HOLE CARDS ***
Dealt to Hero [8d 3h]
Glynda_Orange: folds
Noelle_Cilantro: folds
Salena_Lychee: folds
Porsha_Pumpkins: calls 60 
Talia_Pomelo: raises 270 to 270
Asha_Yams: calls 270 
Kelly_Ugli: folds
Johnny_Lemon: folds
Hero: folds
Porsha_Pumpkins: calls 210 
*** FLOP *** [2c 8s 9d]
Porsha_Pumpkins: checks
Talia_Pomelo: bets 360 
Asha_Yams: calls 360 
Porsha_Pumpkins: folds
*** TURN *** [2c 8s 9d] [7d]
Talia_Pomelo: bets 890 
Asha_Yams: folds
Uncalled bet (890) returned to Talia_Pomelo
Talia_Pomelo: doesn't show hand
Talia_Pomelo collected 1620 from pot
*** SUMMARY ***
Total pot 1620 | Rake 0
Board [2c 8s 9d 7d]
Seat 1: Kelly_Ugli (button) mucked [5h 4c]
Seat 2: Johnny_Lemon (small blind) mucked [7s Qs]
Seat 3: Hero (big blind) mucked [8d 3h]
Seat 4: Glynda_Orange mucked [Ks 7h]
Seat 5: Noelle_Cilantro mucked [4s 6d]
Seat 6: Salena_Lychee mucked [Qd 3c]
Seat 7: Porsha_Pumpkins mucked [Kc 4h]
Seat 8: Talia_Pomelo showed [9h 9s] and won (1620)
Seat 9: Asha_Yams mucked [Qh As]



PokerStars Hand #3661264773: Tournament #21391319, $20+$2 - Hold'em No Limit (30/60) - 2018/04/06 22:12:35
Table '#18' Seat #2 is the button
Seat 1: Shandi_Soursop (9,760 in chips)
Seat 2: Jalisa_Carrots (9,890 in chips)
Seat 3: Hero (10,360 in chips)
Seat 4: Hsiu_Peach (10,000 in chips)
Seat 5: Rusty_Apples (10,020 in chips)
Seat 6: Versie_Lavender (10,000 in chips)
Seat 7: Buena_Chili (9,310 in chips)
Seat 8: Tona_Olive (12,879 in chips)
Seat 9: Carrol_Skirret (12,680 in chips)
Hero: posts small blind 30
Hsiu_Peach: posts big blind 60
*** HOLE CARDS ***
Dealt to Hero [3d 9c]
Rusty_Apples: folds
Versie_Lavender: folds
Buena_Chili: raises 207 to 207
Tona_Olive: calls 207 
Carrol_Skirret: folds
Shandi_Soursop: folds
Jalisa_Carrots: folds
Hero: folds
Hsiu_Peach: folds
*** FLOP *** [5h Qd 4c]
Buena_Chili: bets 254 
Tona_Olive: calls 254 
*** TURN *** [5h Qd 4c] [7d]
Buena_Chili: bets 509 
Tona_Olive: calls 509 
*** RIVER *** [5h Qd 4c 7d] [Ks]
Buena_Chili: checks
Tona_Olive: checks
*** SHOW DOWN ***
Buena_Chili: shows [Td Ac] (high card Ace)
Tona_Olive: shows [Qh Jh] (a pair of Queens)
Tona_Olive collected 2030 from pot
*** SUMMARY ***
Total pot 2030 | Rake 0
Board [5h Qd 4c 7d Ks]
Seat 1: Shandi_Soursop mucked [Qc 5s]
Seat 2: Jalisa_Carrots (button) mucked [6d Jc]
Seat 3: Hero (small blind) mucked [3d 9c]
Seat 4: Hsiu_Peach (big blind) mucked [As 4d]
Seat 5: Rusty_Apples mucked [Qs 9h]
Seat 6: Versie_Lavender mucked [7h 6s]
Seat 7: Buena_Chili showed [Td Ac] and lost with high card Ace
Seat 8: Tona_Olive showed [Qh Jh] and won (2030) with a pair of Queens
Seat 9: Carrol_Skirret mucked [6h 2h]



PokerStars Hand #3661265930: Tournament #21391319, $20+$2 - Hold'em No Limit (30/60) - 2018/04/06 22:14:23
Table '#18' Seat #3 is the button
Seat 1: Inge_Paprika (9,760 in chips)
Seat 2: Serena_Soursop (9,890 in chips)
Seat 3: Hero (10,330 in chips)
Seat 4: Kristi_Kiwi (9,940 in chips)
Seat 5: Kisha_Goji (10,020 in chips)
Seat 6: Ofelia_Guava (10,000 in chips)
Seat 7: Bud_Orange (8,340 in chips)
Seat 8: Shyla_Mulberry (13,939 in chips)
Seat 9: Rachel_Figs (12,680 in chips)
Kristi_Kiwi: posts small blind 30
Kisha_Goji: posts big blind 60
*** HOLE CARDS ***
Dealt to Hero [6s Ks]
Ofelia_Guava: folds
Bud_Orange: raises 320 to 320
Shyla_Mulberry: raises 818 to 818
Rachel_Figs: folds
Inge_Paprika: calls 818 
Serena_Soursop: folds
Hero: folds
Kristi_Kiwi: folds
Kisha_Goji: folds
Bud_Orange: calls 498 
*** FLOP *** [4c 6h 7h]
Bud_Orange: bets 60 
Shyla_Mulberry: raises 1418 to 1418
Inge_Paprika: folds
Bud_Orange: folds
Uncalled bet (1358) returned to Shyla_Mulberry
Shyla_Mulberry: doesn't show hand
Shyla_Mulberry collected 2664 from pot
*** SUMMARY ***
Total pot 2664 | Rake 0
Board [4c 6h 7h]
Seat 1: Inge_Paprika mucked [8d Ac]
Seat 2: Serena_Soursop mucked [4d 7s]
Seat 3: Hero (button) mucked [6s Ks]
Seat 4: Kristi_Kiwi (small blind) mucked [Td 9d]
Seat 5: Kisha_Goji (big blind) mucked [6d 2c]
Seat 6: Ofelia_Guava mucked [Jc 2h]
Seat 7: Bud_Orange mucked [Jd Kd]
Seat 8: Shyla_Mulberry showed [Qd Qh] and won (2664)
Seat 9: Rachel_Figs mucked [Ts 6c]



PokerStars Hand #3661267605: Tournament #21391319, $20+$2 - Hold'em No Limit (40/80) - 2018/04/06 22:16:56
Table '#18' Seat #4 is the button
Seat 1: Ayana_Kiwi (8,942 in chips)
Seat 2: Delmer_Rambutan (9,890 in chips)
Seat 3: Hero (10,330 in chips)
Seat 4: Miki_Beans (9,910 in chips)
Seat 5: Nida_Zuchinis (9,960 in chips)
Seat 6: Adah_Okra (10,000 in chips)
Seat 7: Donny_Nettles (7,462 in chips)
Seat 8: Kassie_Jalapeño (15,725 in chips)
Seat 9: Vergie_Pears (12,680 in chips)
Nida_Zuchinis: posts small blind 40
Adah_Okra: posts big blind 80
*** HOLE CARDS ***
Dealt to Hero [Ts 4s]
Donny_Nettles: calls 80 
Kassie_Jalapeño: folds
Vergie_Pears: calls 80 
Ayana_Kiwi: folds
Delmer_Rambutan: folds
Hero: folds
Miki_Beans: folds
Nida_Zuchinis: calls 40 
Adah_Okra: folds
*** FLOP *** [5c 5d Qh]
Nida_Zuchinis: checks
Donny_Nettles: checks
Vergie_Pears: checks
*** TURN *** [5c 5d Qh] [Ac]
Nida_Zuchinis: checks
Donny_Nettles: bets 80 
Vergie_Pears: folds
Nida_Zuchinis: folds
Uncalled bet (80) returned to Donny_Nettles
Donny_Nettles: doesn't show hand
Donny_Nettles collected 320 from pot
*** SUMMARY ***
Total pot 320 | Rake 0
Board [5c 5d Qh Ac]
Seat 1: Ayana_Kiwi mucked [7d 6c]
Seat 2: Delmer_Rambutan mucked [9h Jd]
Seat 3: Hero mucked [Ts 4s]
Seat 4: Miki_Beans (button) mucked [Qc 5s]
Seat 5: Nida_Zuchinis (small blind) mucked [Kd 8c]
Seat 6: Adah_Okra (big blind) mucked [8d Ks]
Seat 7: Donny_Nettles showed [5h Js] and won (320)
Seat 8: Kassie_Jalapeño mucked [3d 4d]
Seat 9: Vergie_Pears mucked [2c 2d]



PokerStars Hand #3661268213: Tournament #21391319, $20+$2 - Hold'em No Limit (40/80) - 2018/04/06 22:17:50
Table '#18' Seat #5 is the button
Seat 1: Julian_Parnsip (8,942 in chips)
Seat 2: Logan_Olive (9,890 in chips)
Seat 3: Hero (10,330 in chips)
Seat 4: Bobby_Oregano (9,910 in chips)
Seat 5: Willa_Rambutan (9,880 in chips)
Seat 6: Neomi_Bilberry (9,920 in chips)
Seat 7: Tiesha_Raisins (7,702 in chips)
Seat 8: Almeta_Mango (15,725 in chips)
Seat 9: Regena_Soursop (12,600 in chips)
Neomi_Bilberry: posts small blind 40
Tiesha_Raisins: posts big blind 80
*** HOLE CARDS ***
Dealt to Hero [4h Qc]
Almeta_Mango: folds
Regena_Soursop: folds
Julian_Parnsip: calls 80 
Logan_Olive: folds
Hero: folds
Bobby_Oregano: folds
Willa_Rambutan: calls 80 
Neomi_Bilberry: folds
Tiesha_Raisins: checks
*** FLOP *** [Ah 6c 7c]
Tiesha_Raisins: bets 359 
Julian_Parnsip: calls 359 
Willa_Rambutan: folds
*** TURN *** [Ah 6c 7c] [Qh]
Tiesha_Raisins: bets 486 
Julian_Parnsip: raises 1640 to 1640
Tiesha_Raisins: folds
*** SHOW DOWN ***
Julian_Parnsip: shows [As 7h] (two pair, Aces and Sevens)
Uncalled bet (1154) returned to Julian_Parnsip
Julian_Parnsip collected 1970 from pot
*** SUMMARY ***
Total pot 1970 | Rake 0
Board [Ah 6c 7c Qh]
Seat 1: Julian_Parnsip showed [As 7h] and won (1970) with two pair, Aces and Sevens
Seat 2: Logan_Olive mucked [6h 4d]
Seat 3: Hero mucked [4h Qc]
Seat 4: Bobby_Oregano mucked [3c 8h]
Seat 5: Willa_Rambutan (button) mucked [Td Kd]
Seat 6: Neomi_Bilberry (small blind) mucked [3s 8s]
Seat 7: Tiesha_Raisins (big blind) mucked [2d Ac]
Seat 8: Almeta_Mango mucked [Ad 2c]
Seat 9: Regena_Soursop mucked [7s 4c]



PokerStars Hand #3661268828: Tournament #21391319, $20+$2 - Hold'em No Limit (40/80) - 2018/04/06 22:18:47
Table '#18' Seat #6 is the button
Seat 1: Lu_Rambutan (9,987 in chips)
Seat 2: Sydney_Chives (9,890 in chips)
Seat 3: Hero (10,330 in chips)
Seat 4: Julee_Orange (9,910 in chips)
Seat 5: Keva_Marjoram (9,800 in chips)
Seat 6: Mariam_Peppers (9,880 in chips)
Seat 7: Lesli_Guava (6,777 in chips)
Seat 8: Cierra_Bok Choy (15,725 in chips)
Seat 9: Noelle_Cucumber (12,600 in chips)
Lesli_Guava: posts small blind 40
Cierra_Bok Choy: posts big blind 80
*** HOLE CARDS ***
Dealt to Hero [5d 4c]
Noelle_Cucumber: folds
Lu_Rambutan: folds
Sydney_Chives: folds
Hero: folds
Julee_Orange: raises 280 to 280
Keva_Marjoram: folds
Mariam_Peppers: folds
Lesli_Guava: calls 240 
Cierra_Bok Choy: raises 1040 to 1120
Julee_Orange: calls 840 
Lesli_Guava: calls 840 
*** FLOP *** [As 2c Kh]
Lesli_Guava: bets 80 
Cierra_Bok Choy: calls 80 
Julee_Orange: calls 80 
*** TURN *** [As 2c Kh] [Jc]
Lesli_Guava: bets 478 
Cierra_Bok Choy: folds
Julee_Orange: calls 478 
*** RIVER *** [As 2c Kh Jc] [2d]
Lesli_Guava: bets 1401 
Julee_Orange: folds
Uncalled bet (1401) returned to Lesli_Guava
Lesli_Guava: doesn't show hand
Lesli_Guava collected 4556 from pot
*** SUMMARY ***
Total pot 4556 | Rake 0
Board [As 2c Kh Jc 2d]
Seat 1: Lu_Rambutan mucked [4d 9d]
Seat 2: Sydney_Chives mucked [8c Th]
Seat 3: Hero mucked [5d 4c]
Seat 4: Julee_Orange mucked [Qc 9c]
Seat 5: Keva_Marjoram mucked [Kc 8h]
Seat 6: Mariam_Peppers (button) mucked [5c 8s]
Seat 7: Lesli_Guava (small blind) showed [Ks 6c] and won (4556)
Seat 8: Cierra_Bok Choy (big blind) mucked [Ts Td]
Seat 9: Noelle_Cucumber mucked [2s Js]



PokerStars Hand #3661269645: Tournament #21391319, $20+$2 - Hold'em No Limit (40/80) - 2018/04/06 22:19:59
Table '#18' Seat #7 is the button
Seat 1: Denna_Wasabi (9,987 in chips)
Seat 2: Lera_Wasabi (9,890 in chips)
Seat 3: Hero (10,330 in chips)
Seat 4: Lea_Salak (8,232 in chips)
Seat 5: Aurora_Jicama (9,800 in chips)
Seat 6: Hong_Leek (9,880 in chips)
Seat 7: Monnie_Lemon (9,655 in chips)
Seat 8: Albert_Oregano (14,525 in chips)
Seat 9: Renay_Nettles (12,600 in chips)
Albert_Oregano: posts small blind 40
Renay_Nettles: posts big blind 80
*** HOLE CARDS ***
Dealt to Hero [9c 8c]
Denna_Wasabi: calls 80 
Lera_Wasabi: folds
Hero: raises 320 to 320
Lea_Salak: folds
Aurora_Jicama: folds
Hong_Leek: folds
Monnie_Lemon: calls 320 
Albert_Oregano: folds
Renay_Nettles: folds
Denna_Wasabi: calls 240 
*** FLOP *** [Ts 6s Jd]
Denna_Wasabi: checks
Hero: checks
Monnie_Lemon: checks
*** TURN *** [Ts 6s Jd] [5h]
Denna_Wasabi: checks
Hero: checks
Monnie_Lemon: checks
*** RIVER *** [Ts 6s Jd 5h] [Ks]
Denna_Wasabi: checks
Hero: checks
Monnie_Lemon: checks
*** SHOW DOWN ***
Denna_Wasabi: shows [2s Ac] (high card Ace)
Hero: Mucks [9c 8c] (High Card)
Monnie_Lemon: shows [9h Kh] (a pair of Kings)
Monnie_Lemon collected 1080 from pot
*** SUMMARY ***
Total pot 1080 | Rake 0
Board [Ts 6s Jd 5h Ks]
Seat 1: Denna_Wasabi showed [2s Ac] and lost with high card Ace
Seat 2: Lera_Wasabi mucked [4s Jh]
Seat 3: Hero mucked [9c 8c]
Seat 4: Lea_Salak mucked [8d Tc]
Seat 5: Aurora_Jicama mucked [5d 9d]
Seat 6: Hong_Leek mucked [7s Th]
Seat 7: Monnie_Lemon (button) showed [9h Kh] and won (1080) with a pair of Kings
Seat 8: Albert_Oregano (small blind) mucked [5c 4d]
Seat 9: Renay_Nettles (big blind) mucked [7d Qd]



PokerStars Hand #3661271006: Tournament #21391319, $20+$2 - Hold'em No Limit (40/80) - 2018/04/06 22:22:02
Table '#18' Seat #8 is the button
Seat 1: Cammie_Pears (9,667 in chips)
Seat 2: Ai_Sage (9,890 in chips)
Seat 3: Hero (10,010 in chips)
Seat 4: Andre_Arugula (8,232 in chips)
Seat 5: Herb_Alfalfa (9,800 in chips)
Seat 6: Todd_Rhubarb (9,880 in chips)
Seat 7: Vince_Cilantro (10,415 in chips)
Seat 8: Leonel_Yuzu (14,485 in chips)
Seat 9: Lani_Rosemary (12,520 in chips)
Lani_Rosemary: posts small blind 40
Cammie_Pears: posts big blind 80
*** HOLE CARDS ***
Dealt to Hero [As 2c]
Ai_Sage: folds
Hero: folds
Andre_Arugula: folds
Herb_Alfalfa: folds
Todd_Rhubarb: folds
Vince_Cilantro: calls 80 
Leonel_Yuzu: folds
Lani_Rosemary: folds
Cammie_Pears: checks
*** FLOP *** [Js Th 6d]
Cammie_Pears: checks
Vince_Cilantro: checks
*** TURN *** [Js Th 6d] [Ah]
Cammie_Pears: checks
Vince_Cilantro: checks
*** RIVER *** [Js Th 6d Ah] [4c]
Cammie_Pears: checks
Vince_Cilantro: checks
*** SHOW DOWN ***
Cammie_Pears: shows [3d 8h] (high card Ace)
Vince_Cilantro: Mucks [7d 2s] (High Card)
Cammie_Pears collected 200 from pot
*** SUMMARY ***
Total pot 200 | Rake 0
Board [Js Th 6d Ah 4c]
Seat 1: Cammie_Pears (big blind) showed [3d 8h] and won (200) with high card Ace
Seat 2: Ai_Sage mucked [Jh Qd]
Seat 3: Hero mucked [As 2c]
Seat 4: Andre_Arugula mucked [Ts 3s]
Seat 5: Herb_Alfalfa mucked [7c 4s]
Seat 6: Todd_Rhubarb mucked [Ad Qs]
Seat 7: Vince_Cilantro mucked [7d 2s]
Seat 8: Leonel_Yuzu (button) mucked [2d 3c]
Seat 9: Lani_Rosemary (small blind) mucked [3h 9d]



PokerStars Hand #3661271715: Tournament #21391319, $20+$2 - Hold'em No Limit (40/80) - 2018/04/06 22:23:05
Table '#18' Seat #9 is the button
Seat 1: Norma_Soursop (9,787 in chips)
Seat 2: Kerry_Bananas (9,890 in chips)
Seat 3: Hero (10,010 in chips)
Seat 4: Lily_Dates (8,232 in chips)
Seat 5: Birdie_Tamarind (9,800 in chips)
Seat 6: Jill_Apricots (9,880 in chips)
Seat 7: Leigh_Oregano (10,335 in chips)
Seat 8: Monica_Jujube (14,485 in chips)
Seat 9: Miguel_Jalapeño (12,480 in chips)
Norma_Soursop: posts small blind 40
Kerry_Bananas: posts big blind 80
*** HOLE CARDS ***
Dealt to Hero [Ts 8s]
Hero: raises 180 to 180
Lily_Dates: calls 180 
Birdie_Tamarind: calls 180 
Jill_Apricots: folds
Leigh_Oregano: folds
Monica_Jujube: calls 180 
Miguel_Jalapeño: folds
Norma_Soursop: folds
Kerry_Bananas: calls 100 
*** FLOP *** [9h Qc 6s]
Kerry_Bananas: checks
Hero: bets 500 
Lily_Dates: raises 1000 to 1000
Birdie_Tamarind: folds
Monica_Jujube: folds
Kerry_Bananas: raises 2500 to 2500
Hero: folds
Lily_Dates: raises 7052 to 8052 and is all-in
Kerry_Bananas: calls 5552 
*** TURN *** [9h Qc 6s] [5h]
*** RIVER *** [9h Qc 6s 5h] [Kc]
*** SHOW DOWN ***
Kerry_Bananas: shows [9d 6d] (two pair, Nines and Sixes)
Lily_Dates: shows [Js Jc] (a pair of Jacks)
Kerry_Bananas collected 17544 from pot
Lily_Dates finished the tournament in 102nd place
*** SUMMARY ***
Total pot 17544 | Rake 0
Board [9h Qc 6s 5h Kc]
Seat 1: Norma_Soursop (small blind) mucked [8d 3c]
Seat 2: Kerry_Bananas (big blind) showed [9d 6d] and won (17544) with two pair, Nines and Sixes
Seat 3: Hero mucked [Ts 8s]
Seat 4: Lily_Dates showed [Js Jc] and lost with a pair of Jacks
Seat 5: Birdie_Tamarind mucked [Tc Ah]
Seat 6: Jill_Apricots mucked [4h Ks]
Seat 7: Leigh_Oregano mucked [3h 5c]
Seat 8: Monica_Jujube mucked [9s 8c]
Seat 9: Miguel_Jalapeño (button) mucked [2c 5s]



PokerStars Hand #3661273462: Tournament #21391319, $20+$2 - Hold'em No Limit (50/100) - 2018/04/06 22:25:44
Table '#18' Seat #1 is the button
Seat 1: Emelda_Jalapeño (9,747 in chips)
Seat 2: Jaymie_Chard (19,202 in chips)
Seat 3: Hero (9,330 in chips)
Seat 4: Chad_Oregano (9,620 in chips)
Seat 5: Kenna_Zuchinis (9,880 in chips)
Seat 6: Rina_Chili (10,335 in chips)
Seat 7: Teena_Celery (14,305 in chips)
Seat 8: Verda_Cucumber (12,480 in chips)
Jaymie_Chard: posts small blind 50
Hero: posts big blind 100
*** HOLE CARDS ***
Dealt to Hero [3d 8c]
Chad_Oregano: folds
Kenna_Zuchinis: folds
Rina_Chili: folds
Teena_Celery: folds
Verda_Cucumber: folds
Emelda_Jalapeño: calls 100 
Jaymie_Chard: calls 50 
Hero: checks
*** FLOP *** [Ks Ah Qs]
Jaymie_Chard: bets 150 
Hero: folds
Emelda_Jalapeño: calls 150 
*** TURN *** [Ks Ah Qs] [4c]
Jaymie_Chard: checks
Emelda_Jalapeño: checks
*** RIVER *** [Ks Ah Qs 4c] [9d]
Jaymie_Chard: bets 150 
Emelda_Jalapeño: folds
Uncalled bet (150) returned to Jaymie_Chard
Jaymie_Chard: doesn't show hand
Jaymie_Chard collected 600 from pot
*** SUMMARY ***
Total pot 600 | Rake 0
Board [Ks Ah Qs 4c 9d]
Seat 1: Emelda_Jalapeño (button) mucked [Js 6s]
Seat 2: Jaymie_Chard (small blind) showed [Jh Ad] and won (600)
Seat 3: Hero (big blind) mucked [3d 8c]
Seat 4: Chad_Oregano mucked [Jc 3c]
Seat 5: Kenna_Zuchinis mucked [Qd 6d]
Seat 6: Rina_Chili mucked [Td 6h]
Seat 7: Teena_Celery mucked [8s 2c]
Seat 8: Verda_Cucumber mucked [9h 4h]



PokerStars Hand #3661274519: Tournament #21391319, $20+$2 - Hold'em No Limit (50/100) - 2018/04/06 22:27:17
Table '#18' Seat #2 is the button
Seat 1: Loria_Soy (9,497 in chips)
Seat 2: Ardis_Pears (19,552 in chips)
Seat 3: Hero (9,230 in chips)
Seat 4: Ned_Spinach (9,620 in chips)
Seat 5: Vanna_Fennel (9,880 in chips)
Seat 6: Lionel_Soy (10,335 in chips)
Seat 7: Amado_Lavender (14,305 in chips)
Seat 8: Denise_Kiwi (12,480 in chips)
Hero: posts small blind 50
Ned_Spinach: posts big blind 100
*** HOLE CARDS ***
Dealt to Hero [Qs 7c]
Vanna_Fennel: folds
Lionel_Soy: raises 200 to 200
Amado_Lavender: folds
Denise_Kiwi: folds
Loria_Soy: calls 200 
Ardis_Pears: folds
Hero: folds
Ned_Spinach: calls 100 
*** FLOP *** [4s 5h Ks]
Ned_Spinach: checks
Lionel_Soy: bets 797 
Loria_Soy: folds
Ned_Spinach: calls 797 
*** TURN *** [4s 5h Ks] [7d]
Ned_Spinach: checks
Lionel_Soy: bets 930 
Ned_Spinach: calls 930 
*** RIVER *** [4s 5h Ks 7d] [Ah]
Ned_Spinach: checks
Lionel_Soy: checks
*** SHOW DOWN ***
Ned_Spinach: shows [2h Kh] (a pair of Kings)
Lionel_Soy: shows [Jh Kc] (a pair of Kings)
Lionel_Soy collected 4104 from pot
*** SUMMARY ***
Total pot 4104 | Rake 0
Board [4s 5h Ks 7d Ah]
Seat 1: Loria_Soy mucked [Qc Ts]
Seat 2: Ardis_Pears (button) mucked [3c 9d]
Seat 3: Hero (small blind) mucked [Qs 7c]
Seat 4: Ned_Spinach (big blind) showed [2h Kh] and lost with a pair of Kings
Seat 5: Vanna_Fennel mucked [9c 8c]
Seat 6: Lionel_Soy showed [Jh Kc] and won (4104) with a pair of Kings
Seat 7: Amado_Lavender mucked [5s 4d]
Seat 8: Denise_Kiwi mucked [2c 3d]



PokerStars Hand #3661275691: Tournament #21391319, $20+$2 - Hold'em No Limit (50/100) - 2018/04/06 22:29:02
Table '#18' Seat #3 is the button
Seat 1: Hong_Coconuts (9,297 in chips)
Seat 2: Lourie_Lemon (19,552 in chips)
Seat 3: Hero (9,180 in chips)
Seat 4: Keshia_Parsley (7,693 in chips)
Seat 5: Glenda_Lentils (9,880 in chips)
Seat 6: Lili_Spinach (12,512 in chips)
Seat 7: Ervin_Turnips (14,305 in chips)
Seat 8: Denise_Jujube (12,480 in chips)
Keshia_Parsley: posts small blind 50
Glenda_Lentils: posts big blind 100
*** HOLE CARDS ***
Dealt to Hero [8s 5d]
Lili_Spinach: calls 100 
Ervin_Turnips: raises 400 to 400
Denise_Jujube: folds
Hong_Coconuts: calls 400 
Lourie_Lemon: folds
Hero: folds
Keshia_Parsley: folds
Glenda_Lentils: folds
Lili_Spinach: calls 300 
*** FLOP *** [9s 2s 6s]
Lili_Spinach: bets 538 
Ervin_Turnips: folds
Hong_Coconuts: calls 538 
*** TURN *** [9s 2s 6s] [7d]
Lili_Spinach: bets 1143 
Hong_Coconuts: calls 1143 
*** RIVER *** [9s 2s 6s 7d] [3h]
Lili_Spinach: bets 1554 
Hong_Coconuts: calls 1554 
*** SHOW DOWN ***
Lili_Spinach: shows [4h 9h] (a pair of Nines)
Hong_Coconuts: shows [Kc 9c] (a pair of Nines)
Hong_Coconuts collected 7820 from pot
*** SUMMARY ***
Total pot 7820 | Rake 0
Board [9s 2s 6s 7d 3h]
Seat 1: Hong_Coconuts showed [Kc 9c] and won (7820) with a pair of Nines
Seat 2: Lourie_Lemon mucked [Qs Th]
Seat 3: Hero (button) mucked [8s 5d]
Seat 4: Keshia_Parsley (small blind) mucked [5h 2d]
Seat 5: Glenda_Lentils (big blind) mucked [Qc Jc]
Seat 6: Lili_Spinach showed [4h 9h] and lost with a pair of Nines
Seat 7: Ervin_Turnips mucked [Kd Jh]
Seat 8: Denise_Jujube mucked [Ks 8c]



PokerStars Hand #3661276545: Tournament #21391319, $20+$2 - Hold'em No Limit (50/100) - 2018/04/06 22:30:20
Table '#18' Seat #4 is the button
Seat 1: Ima_Yuzu (13,482 in chips)
Seat 2: Amada_Radish (19,552 in chips)
Seat 3: Hero (9,180 in chips)
Seat 4: Althea_Anise (7,643 in chips)
Seat 5: Danica_Orange (9,780 in chips)
Seat 6: Lucie_Cayenne (8,877 in chips)
Seat 7: Amanda_Fennel (13,905 in chips)
Seat 8: Isa_Turnips (12,480 in chips)
Danica_Orange: posts small blind 50
Lucie_Cayenne: posts big blind 100
*** HOLE CARDS ***
Dealt to Hero [7s 4s]
Amanda_Fennel: folds
Isa_Turnips: folds
Ima_Yuzu: folds
Amada_Radish: raises 300 to 300
Hero: folds
Althea_Anise: calls 300 
Danica_Orange: folds
Lucie_Cayenne: folds
*** FLOP *** [Jc Td 7h]
Amada_Radish: bets 300 
Althea_Anise: calls 300 
*** TURN *** [Jc Td 7h] [As]
Amada_Radish: checks
Althea_Anise: checks
*** RIVER *** [Jc Td 7h As] [Jh]
Amada_Radish: bets 420 
Althea_Anise: calls 420 
*** SHOW DOWN ***
Amada_Radish: shows [Kc Qs] (a straight, Ten to Ace)
Althea_Anise: Mucks [Tc Kh] (Two pair)
Amada_Radish collected 2190 from pot
*** SUMMARY ***
Total pot 2190 | Rake 0
Board [Jc Td 7h As Jh]
Seat 1: Ima_Yuzu mucked [3s 9s]
Seat 2: Amada_Radish showed [Kc Qs] and won (2190) with a straight, Ten to Ace
Seat 3: Hero mucked [7s 4s]
Seat 4: Althea_Anise (button) mucked [Tc Kh]
Seat 5: Danica_Orange (small blind) mucked [Qc 4d]
Seat 6: Lucie_Cayenne (big blind) mucked [9c 5h]
Seat 7: Amanda_Fennel mucked [Th Jd]
Seat 8: Isa_Turnips mucked [5c 8d]



PokerStars Hand #3661277240: Tournament #21391319, $20+$2 - Hold'em No Limit (50/100) - 2018/04/06 22:31:23
Table '#18' Seat #5 is the button
Seat 1: Gene_Caraway (13,482 in chips)
Seat 2: Cristi_Pinto (20,722 in chips)
Seat 3: Hero (9,180 in chips)
Seat 4: Britni_Celery (6,623 in chips)
Seat 5: Curtis_Jujube (9,730 in chips)
Seat 6: Joie_Cucumber (8,777 in chips)
Seat 7: Kayce_Sage (13,905 in chips)
Seat 8: Olin_Beans (12,480 in chips)
Joie_Cucumber: posts small blind 50
Kayce_Sage: posts big blind 100
*** HOLE CARDS ***
Dealt to Hero [8c Ks]
Olin_Beans: folds
Gene_Caraway: folds
Cristi_Pinto: folds
Hero: folds
Britni_Celery: folds
Curtis_Jujube: folds
Joie_Cucumber: folds
Kayce_Sage: doesn't show hand
Uncalled bet (100) returned to Kayce_Sage
Kayce_Sage collected 50 from pot
*** SUMMARY ***
Total pot 50 | Rake 0
Seat 1: Gene_Caraway mucked [Ah Kh]
Seat 2: Cristi_Pinto mucked [4s Qd]
Seat 3: Hero mucked [8c Ks]
Seat 4: Britni_Celery mucked [6s 4h]
Seat 5: Curtis_Jujube (button) mucked [Qs 5c]
Seat 6: Joie_Cucumber (small blind) mucked [2c 7d]
Seat 7: Kayce_Sage (big blind) showed [Jc Qh] and won (50)
Seat 8: Olin_Beans mucked [Kc 2h]



PokerStars Hand #3661277747: Tournament #21391319, $20+$2 - Hold'em No Limit (50/100) - 2018/04/06 22:32:11
Table '#18' Seat #6 is the button
Seat 1: Jesica_Squash (13,482 in chips)
Seat 2: Yu_Jicama (20,722 in chips)
Seat 3: Hero (9,180 in chips)
Seat 4: Dorie_Pomelo (6,623 in chips)
Seat 5: Dakota_Jujube (9,730 in chips)
Seat 6: Kurtis_Pomelo (8,727 in chips)
Seat 7: Fidela_Pomelo (13,955 in chips)
Seat 8: Aaron_Soursop (12,480 in chips)
Fidela_Pomelo: posts small blind 50
Aaron_Soursop: posts big blind 100
*** HOLE CARDS ***
Dealt to Hero [As Jh]
Jesica_Squash: folds
Yu_Jicama: folds
Hero: raises 300 to 300
Dorie_Pomelo: folds
Dakota_Jujube: folds
Kurtis_Pomelo: folds
Fidela_Pomelo: calls 250 
Aaron_Soursop: folds
*** FLOP *** [5h 5d 7c]
Fidela_Pomelo: checks
Hero: checks
*** TURN *** [5h 5d 7c] [6c]
Fidela_Pomelo: bets 300 
Hero: calls 300 
*** RIVER *** [5h 5d 7c 6c] [4h]
Fidela_Pomelo: bets 1000 
Hero: folds
Uncalled bet (1000) returned to Fidela_Pomelo
Fidela_Pomelo: doesn't show hand
Fidela_Pomelo collected 1300 from pot
*** SUMMARY ***
Total pot 1300 | Rake 0
Board [5h 5d 7c 6c 4h]
Seat 1: Jesica_Squash mucked [9h Kc]
Seat 2: Yu_Jicama mucked [3h 7s]
Seat 3: Hero mucked [As Jh]
Seat 4: Dorie_Pomelo mucked [4c 6s]
Seat 5: Dakota_Jujube mucked [9d 4s]
Seat 6: Kurtis_Pomelo (button) mucked [Qs 2d]
Seat 7: Fidela_Pomelo (small blind) showed [Ts Ad] and won (1300)
Seat 8: Aaron_Soursop (big blind) mucked [Ks Th]



PokerStars Hand #3661278554: Tournament #21391319, $20+$2 - Hold'em No Limit (50/100) - 2018/04/06 22:33:26
Table '#18' Seat #7 is the button
Seat 1: Bari_Juniper (13,482 in chips)
Seat 2: Eddy_Cucumber (20,722 in chips)
Seat 3: Hero (8,580 in chips)
Seat 4: Vikki_Peppers (6,623 in chips)
Seat 5: Maria_Beans (9,730 in chips)
Seat 6: Maxine_Goji (8,727 in chips)
Seat 7: Josue_Celery (14,655 in chips)
Seat 8: Bud_Plantain (12,380 in chips)
Bud_Plantain: posts small blind 50
Bari_Juniper: posts big blind 100
*** HOLE CARDS ***
Dealt to Hero [9d 4s]
Eddy_Cucumber: folds
Hero: folds
Vikki_Peppers: folds
Maria_Beans: folds
Maxine_Goji: calls 100 
Josue_Celery: calls 100 
Bud_Plantain: folds
Bari_Juniper: folds
*** FLOP *** [9h 5d 9c]
Maxine_Goji: bets 100 
Josue_Celery: calls 100 
*** TURN *** [9h 5d 9c] [6h]
Maxine_Goji: bets 100 
Josue_Celery: raises 500 to 500
Maxine_Goji: folds
Uncalled bet (400) returned to Josue_Celery
Josue_Celery: doesn't show hand
Josue_Celery collected 750 from pot
*** SUMMARY ***
Total pot 750 | Rake 0
Board [9h 5d 9c 6h]
Seat 1: Bari_Juniper (big blind) mucked [Ad Qs]
Seat 2: Eddy_Cucumber mucked [7c As]
Seat 3: Hero mucked [9d 4s]
Seat 4: Vikki_Peppers mucked [Ah 2d]
Seat 5: Maria_Beans mucked [Js Jh]
Seat 6: Maxine_Goji mucked [8d Jc]
Seat 7: Josue_Celery (button) showed [8c 9s] and won (750)
Seat 8: Bud_Plantain (small blind) mucked [3d Jd]



PokerStars Hand #3661279293: Tournament #21391319, $20+$2 - Hold'em No Limit (50/100) - 2018/04/06 22:34:32
Table '#18' Seat #9 is the button
Seat 1: Tasia_Jujube (13,382 in chips)
Seat 2: Miki_Tat Soi (20,722 in chips)
Seat 3: Hero (8,580 in chips)
Seat 4: Thuy_Arugula (10,000 in chips)
Seat 5: Lashay_Quince (6,623 in chips)
Seat 6: Shanda_Ugli (9,730 in chips)
Seat 7: Macie_Pumpkins (8,427 in chips)
Seat 8: Shayla_Goji (15,105 in chips)
Seat 9: Viola_Salak (12,330 in chips)
Tasia_Jujube: posts small blind 50
Miki_Tat Soi: posts big blind 100
*** HOLE CARDS ***
Dealt to Hero [6c Ah]
Hero: folds
Thuy_Arugula: folds
Lashay_Quince: raises 300 to 300
Shanda_Ugli: folds
Macie_Pumpkins: calls 300 
Shayla_Goji: folds
Viola_Salak: folds
Tasia_Jujube: folds
Miki_Tat Soi: folds
*** FLOP *** [As Kh Jc]
Lashay_Quince: bets 200 
Macie_Pumpkins: folds
Uncalled bet (200) returned to Lashay_Quince
Lashay_Quince: doesn't show hand
Lashay_Quince collected 750 from pot
*** SUMMARY ***
Total pot 750 | Rake 0
Board [As Kh Jc]
Seat 1: Tasia_Jujube (small blind) mucked [3h 9s]
Seat 2: Miki_Tat Soi (big blind) mucked [3s Js]
Seat 3: Hero mucked [6c Ah]
Seat 4: Thuy_Arugula mucked [5s Td]
Seat 5: Lashay_Quince showed [Ad Ks] and won (750)
Seat 6: Shanda_Ugli mucked [8d 6s]
Seat 7: Macie_Pumpkins mucked [5c 4s]
Seat 8: Shayla_Goji mucked [2s Ac]
Seat 9: Viola_Salak (button) mucked [8s 9d]



PokerStars Hand #3661280038: Tournament #21391319, $20+$2 - Hold'em No Limit (75/150) - 2018/04/06 22:35:35
Table '#18' Seat #1 is the button
Seat 1: Timmy_Oregano (13,332 in chips)
Seat 2: Rhett_Habanero (20,622 in chips)
Seat 3: Hero (8,580 in chips)
Seat 4: Kelly_Caraway (10,000 in chips)
Seat 5: Hayden_Dates (7,073 in chips)
Seat 6: Nova_Caraway (9,730 in chips)
Seat 7: Diann_Potatos (8,127 in chips)
Seat 8: Marvin_Apples (15,105 in chips)
Seat 9: Tresa_Raisins (12,330 in chips)
Rhett_Habanero: posts small blind 75
Hero: posts big blind 150
*** HOLE CARDS ***
Dealt to Hero [Qs 7d]
Kelly_Caraway: folds
Hayden_Dates: raises 450 to 450
Nova_Caraway: folds
Diann_Potatos: folds
Marvin_Apples: folds
Tresa_Raisins: folds
Timmy_Oregano: folds
Rhett_Habanero: folds
Hero: folds
Uncalled bet (300) returned to Hayden_Dates
Hayden_Dates: doesn't show hand
Hayden_Dates collected 375 from pot
*** SUMMARY ***
Total pot 375 | Rake 0
Seat 1: Timmy_Oregano (button) mucked [5c 8h]
Seat 2: Rhett_Habanero (small blind) mucked [4c 9s]
Seat 3: Hero (big blind) mucked [Qs 7d]
Seat 4: Kelly_Caraway mucked [Qd 2s]
Seat 5: Hayden_Dates showed [Ac 9h] and won (375)
Seat 6: Nova_Caraway mucked [Jd 8s]
Seat 7: Diann_Potatos mucked [4s Kh]
Seat 8: Marvin_Apples mucked [Ks 3s]
Seat 9: Tresa_Raisins mucked [3d 4d]



PokerStars Hand #3661280543: Tournament #21391319, $20+$2 - Hold'em No Limit (75/150) - 2018/04/06 22:36:20
Table '#18' Seat #2 is the button
Seat 1: Young_Plantain (13,332 in chips)
Seat 2: Casey_Melon (20,547 in chips)
Seat 3: Hero (8,430 in chips)
Seat 4: Erich_Marjoram (10,000 in chips)
Seat 5: Trang_Peach (7,298 in chips)
Seat 6: Ja_Parsley (9,730 in chips)
Seat 7: Tracy_Okra (15,105 in chips)
Seat 8: Candra_Zuchinis (12,330 in chips)
Hero: posts small blind 75
Erich_Marjoram: posts big blind 150
*** HOLE CARDS ***
Dealt to Hero [Td 8d]
Trang_Peach: calls 150 
Ja_Parsley: folds
Tracy_Okra: folds
Candra_Zuchinis: folds
Young_Plantain: folds
Casey_Melon: folds
Hero: calls 75 
Erich_Marjoram: checks
*** FLOP *** [9h 5h Js]
Hero: bets 300 
Erich_Marjoram: calls 300 
Trang_Peach: calls 300 
*** TURN *** [9h 5h Js] [Ac]
Hero: bets 1000 
Erich_Marjoram: calls 1000 
Trang_Peach: folds
*** RIVER *** [9h 5h Js Ac] [2d]
Hero: bets 3000 
Erich_Marjoram: folds
Uncalled bet (3000) returned to Hero
Hero: doesn't show hand
Hero collected 3350 from pot
*** SUMMARY ***
Total pot 3350 | Rake 0
Board [9h 5h Js Ac 2d]
Seat 1: Young_Plantain mucked [5c 2h]
Seat 2: Casey_Melon (button) mucked [2c Qs]
Seat 3: Hero (small blind) showed [Td 8d] and won (3350)
Seat 4: Erich_Marjoram (big blind) mucked [Ts Qd]
Seat 5: Trang_Peach mucked [Kc Jh]
Seat 6: Ja_Parsley mucked [7d 6d]
Seat 7: Tracy_Okra mucked [6s Jd]
Seat 8: Candra_Zuchinis mucked [4h 3d]



PokerStars Hand #3661281886: Tournament #21391319, $20+$2 - Hold'em No Limit (75/150) - 2018/04/06 22:38:20
Table '#18' Seat #3 is the button
Seat 1: Lera_Fennel (13,332 in chips)
Seat 2: Velda_Lychee (20,547 in chips)
Seat 3: Hero (10,330 in chips)
Seat 4: Laci_Arugula (8,550 in chips)
Seat 5: Kraig_Rutabaga (6,848 in chips)
Seat 6: Isabel_Yams (9,730 in chips)
Seat 7: Virgil_Rhubarb (15,105 in chips)
Seat 8: Wayne_Squash (12,330 in chips)
Laci_Arugula: posts small blind 75
Kraig_Rutabaga: posts big blind 150
*** HOLE CARDS ***
Dealt to Hero [9h 5s]
Isabel_Yams: folds
Virgil_Rhubarb: folds
Wayne_Squash: folds
Lera_Fennel: folds
Velda_Lychee: raises 350 to 350
Hero: folds
Laci_Arugula: calls 275 
Kraig_Rutabaga: folds
*** FLOP *** [8d 2c 5h]
Laci_Arugula: checks
Velda_Lychee: checks
*** TURN *** [8d 2c 5h] [6s]
Laci_Arugula: bets 425 
Velda_Lychee: folds
Uncalled bet (425) returned to Laci_Arugula
Laci_Arugula: doesn't show hand
Laci_Arugula collected 850 from pot
*** SUMMARY ***
Total pot 850 | Rake 0
Board [8d 2c 5h 6s]
Seat 1: Lera_Fennel mucked [Td 8c]
Seat 2: Velda_Lychee mucked [Jc Qd]
Seat 3: Hero (button) mucked [9h 5s]
Seat 4: Laci_Arugula (small blind) showed [5c Ac] and won (850)
Seat 5: Kraig_Rutabaga (big blind) mucked [Tc 3d]
Seat 6: Isabel_Yams mucked [2h 4s]
Seat 7: Virgil_Rhubarb mucked [Jd 2d]
Seat 8: Wayne_Squash mucked [3c Jh]



PokerStars Hand #3661282910: Tournament #21391319, $20+$2 - Hold'em No Limit (75/150) - 2018/04/06 22:39:50
Table '#18' Seat #4 is the button
Seat 1: Claude_Jujube (13,332 in chips)
Seat 2: Lolita_Juniper (20,197 in chips)
Seat 3: Hero (10,330 in chips)
Seat 4: Kirby_Bananas (9,050 in chips)
Seat 5: Howard_Turnips (6,698 in chips)
Seat 6: Rhonda_Paprika (9,730 in chips)
Seat 7: Adolph_Bilberry (15,105 in chips)
Seat 8: Stan_Pears (12,330 in chips)
Howard_Turnips: posts small blind 75
Rhonda_Paprika: posts big blind 150
*** HOLE CARDS ***
Dealt to Hero [Ah Kd]
Adolph_Bilberry: folds
Stan_Pears: folds
Claude_Jujube: folds
Lolita_Juniper: folds
Hero: raises 400 to 400
Kirby_Bananas: folds
Howard_Turnips: folds
Rhonda_Paprika: folds
Uncalled bet (250) returned to Hero
Hero: doesn't show hand
Hero collected 375 from pot
*** SUMMARY ***
Total pot 375 | Rake 0
Seat 1: Claude_Jujube mucked [5s 6h]
Seat 2: Lolita_Juniper mucked [Qs 3d]
Seat 3: Hero showed [Ah Kd] and won (375)
Seat 4: Kirby_Bananas (button) mucked [Qd 6c]
Seat 5: Howard_Turnips (small blind) mucked [As 7d]
Seat 6: Rhonda_Paprika (big blind) mucked [Jd 8c]
Seat 7: Adolph_Bilberry mucked [Jh 9d]
Seat 8: Stan_Pears mucked [6d 9c]



PokerStars Hand #3661283352: Tournament #21391319, $20+$2 - Hold'em No Limit (75/150) - 2018/04/06 22:40:29
Table '#18' Seat #5 is the button
Seat 1: Fran_Ugli (13,332 in chips)
Seat 2: Tish_Salak (20,197 in chips)
Seat 3: Hero (10,555 in chips)
Seat 4: Thea_Zuchinis (9,050 in chips)
Seat 5: Nydia_Sage (6,623 in chips)
Seat 6: Moon_Plumcot (9,580 in chips)
Seat 7: Delmy_Dates (10,000 in chips)
Seat 8: Mel_Collard (15,105 in chips)
Seat 9: Margit_Wasabi (12,330 in chips)
Moon_Plumcot: posts small blind 75
Delmy_Dates: posts big blind 150
*** HOLE CARDS ***
Dealt to Hero [Qc 5c]
Mel_Collard: folds
Margit_Wasabi: folds
Fran_Ugli: folds
Tish_Salak: folds
Hero: folds
Thea_Zuchinis: folds
Nydia_Sage: raises 450 to 450
Moon_Plumcot: folds
Delmy_Dates: folds
Uncalled bet (300) returned to Nydia_Sage
Nydia_Sage: doesn't show hand
Nydia_Sage collected 375 from pot
*** SUMMARY ***
Total pot 375 | Rake 0
Seat 1: Fran_Ugli mucked [Td Kh]
Seat 2: Tish_Salak mucked [Ad 5s]
Seat 3: Hero mucked [Qc 5c]
Seat 4: Thea_Zuchinis mucked [Tc 8d]
Seat 5: Nydia_Sage (button) showed [7d 7c] and won (375)
Seat 6: Moon_Plumcot (small blind) mucked [8s 3h]
Seat 7: Delmy_Dates (big blind) mucked [4h 6d]
Seat 8: Mel_Collard mucked [4s Jc]
Seat 9: Margit_Wasabi mucked [2h Kc]



PokerStars Hand #3661283849: Tournament #21391319, $20+$2 - Hold'em No Limit (75/150) - 2018/04/06 22:41:14
Table '#18' Seat #6 is the button
Seat 1: Ernie_Broccoli (13,332 in chips)
Seat 2: Bryan_Onions (20,197 in chips)
Seat 3: Hero (10,555 in chips)
Seat 4: Virgil_Apricots (9,050 in chips)
Seat 5: So_Wasabi (6,848 in chips)
Seat 6: Lora_Leek (9,505 in chips)
Seat 7: Mayme_Lettuce (9,850 in chips)
Seat 8: Sherly_Tat Soi (15,105 in chips)
Seat 9: Evalyn_Tabasco (12,330 in chips)
Mayme_Lettuce: posts small blind 75
Sherly_Tat Soi: posts big blind 150
*** HOLE CARDS ***
Dealt to Hero [3c 5h]
Evalyn_Tabasco: folds
Ernie_Broccoli: folds
Bryan_Onions: raises 350 to 350
Hero: folds
Virgil_Apricots: folds
So_Wasabi: folds
Lora_Leek: folds
Mayme_Lettuce: folds
Sherly_Tat Soi: calls 200 
*** FLOP *** [8d 6h Qc]
Sherly_Tat Soi: checks
Bryan_Onions: bets 325 
Sherly_Tat Soi: calls 325 
*** TURN *** [8d 6h Qc] [Qs]
Sherly_Tat Soi: checks
Bryan_Onions: bets 600 
Sherly_Tat Soi: folds
Uncalled bet (600) returned to Bryan_Onions
Bryan_Onions: doesn't show hand
Bryan_Onions collected 1425 from pot
*** SUMMARY ***
Total pot 1425 | Rake 0
Board [8d 6h Qc Qs]
Seat 1: Ernie_Broccoli mucked [Kc 7h]
Seat 2: Bryan_Onions showed [Kh Qd] and won (1425)
Seat 3: Hero mucked [3c 5h]
Seat 4: Virgil_Apricots mucked [Jh 4d]
Seat 5: So_Wasabi mucked [9c Js]
Seat 6: Lora_Leek (button) mucked [3d 6c]
Seat 7: Mayme_Lettuce (small blind) mucked [3s 4h]
Seat 8: Sherly_Tat Soi (big blind) mucked [7c 9h]
Seat 9: Evalyn_Tabasco mucked [2d 8c]



PokerStars Hand #3661284499: Tournament #21391319, $20+$2 - Hold'em No Limit (75/150) - 2018/04/06 22:42:11
Table '#18' Seat #7 is the button
Seat 1: Marian_Garlic (13,332 in chips)
Seat 2: Linnie_Peas (20,947 in chips)
Seat 3: Hero (10,555 in chips)
Seat 4: Ligia_Soy (9,050 in chips)
Seat 5: Chad_Pears (6,848 in chips)
Seat 6: Mirtha_Collard (9,505 in chips)
Seat 7: Wenona_Jujube (9,775 in chips)
Seat 8: Meri_Jujube (14,430 in chips)
Seat 9: Steven_Okra (12,330 in chips)
Meri_Jujube: posts small blind 75
Steven_Okra: posts big blind 150
*** HOLE CARDS ***
Dealt to Hero [2d Ah]
Marian_Garlic: folds
Linnie_Peas: folds
Hero: folds
Ligia_Soy: folds
Chad_Pears: folds
Mirtha_Collard: folds
Wenona_Jujube: folds
Meri_Jujube: raises 375 to 450
Steven_Okra: folds
Uncalled bet (300) returned to Meri_Jujube
Meri_Jujube: doesn't show hand
Meri_Jujube collected 300 from pot
*** SUMMARY ***
Total pot 300 | Rake 0
Seat 1: Marian_Garlic mucked [2c Jh]
Seat 2: Linnie_Peas mucked [8c Js]
Seat 3: Hero mucked [2d Ah]
Seat 4: Ligia_Soy mucked [7d Ts]
Seat 5: Chad_Pears mucked [4s 8h]
Seat 6: Mirtha_Collard mucked [9d 5s]
Seat 7: Wenona_Jujube (button) mucked [3h 9s]
Seat 8: Meri_Jujube (small blind) showed [Kd 6d] and won (300)
Seat 9: Steven_Okra (big blind) mucked [3s Ac]



PokerStars Hand #3661284950: Tournament #21391319, $20+$2 - Hold'em No Limit (75/150) - 2018/04/06 22:42:53
Table '#18' Seat #8 is the button
Seat 1: Curt_Cayenne (13,332 in chips)
Seat 2: Percy_Bok Choy (20,947 in chips)
Seat 3: Hero (10,555 in chips)
Seat 4: Blair_Tabasco (9,050 in chips)
Seat 5: Alissa_Pomelo (6,848 in chips)
Seat 6: Le_Yuzu (9,505 in chips)
Seat 7: Renato_Grapes (9,775 in chips)
Seat 8: Wm_Sprouts (14,580 in chips)
Seat 9: Roy_Bananas (12,180 in chips)
Roy_Bananas: posts small blind 75
Curt_Cayenne: posts big blind 150
*** HOLE CARDS ***
Dealt to Hero [7s 5d]
Percy_Bok Choy: folds
Hero: folds
Blair_Tabasco: folds
Alissa_Pomelo: folds
Le_Yuzu: raises 300 to 300
Renato_Grapes: folds
Wm_Sprouts: folds
Roy_Bananas: folds
Curt_Cayenne: folds
Uncalled bet (150) returned to Le_Yuzu
Le_Yuzu: doesn't show hand
Le_Yuzu collected 375 from pot
*** SUMMARY ***
Total pot 375 | Rake 0
Seat 1: Curt_Cayenne (big blind) mucked [5h 2c]
Seat 2: Percy_Bok Choy mucked [9s Ah]
Seat 3: Hero mucked [7s 5d]
Seat 4: Blair_Tabasco mucked [Td 7h]
Seat 5: Alissa_Pomelo mucked [4h 2h]
Seat 6: Le_Yuzu showed [Ad 7d] and won (375)
Seat 7: Renato_Grapes mucked [9h 4c]
Seat 8: Wm_Sprouts (button) mucked [2d Qc]
Seat 9: Roy_Bananas (small blind) mucked [9c Tc]



PokerStars Hand #3661285701: Tournament #21391319, $20+$2 - Hold'em No Limit (75/150) - 2018/04/06 22:43:59
Table '#18' Seat #8 is the button
Seat 1: Milly_Spinach (13,182 in chips)
Seat 2: Sheena_Pumpkins (20,947 in chips)
Seat 3: Hero (10,555 in chips)
Seat 4: Dakota_Dill (9,050 in chips)
Seat 5: Lourie_Celery (6,848 in chips)
Seat 6: Joanie_Skirret (9,730 in chips)
Seat 7: Jeni_Lychee (14,580 in chips)
Seat 8: Jama_Yuzu (12,105 in chips)
Milly_Spinach: posts small blind 75
Sheena_Pumpkins: posts big blind 150
*** HOLE CARDS ***
Dealt to Hero [3c 7d]
Hero: folds
Dakota_Dill: folds
Lourie_Celery: folds
Joanie_Skirret: folds
Jeni_Lychee: raises 450 to 450
Jama_Yuzu: folds
Milly_Spinach: calls 375 
Sheena_Pumpkins: calls 300 
*** FLOP *** [2s 2d 5c]
Milly_Spinach: checks
Sheena_Pumpkins: bets 350 
Jeni_Lychee: folds
Milly_Spinach: calls 350 
*** TURN *** [2s 2d 5c] [5s]
Milly_Spinach: bets 500 
Sheena_Pumpkins: calls 500 
*** RIVER *** [2s 2d 5c 5s] [8s]
Milly_Spinach: bets 500 
Sheena_Pumpkins: raises 1750 to 1750
Milly_Spinach: folds
Uncalled bet (1250) returned to Sheena_Pumpkins
Sheena_Pumpkins: doesn't show hand
Sheena_Pumpkins collected 4050 from pot
*** SUMMARY ***
Total pot 4050 | Rake 0
Board [2s 2d 5c 5s 8s]
Seat 1: Milly_Spinach (small blind) mucked [Ad Qh]
Seat 2: Sheena_Pumpkins (big blind) showed [Qs Td] and won (4050)
Seat 3: Hero mucked [3c 7d]
Seat 4: Dakota_Dill mucked [4c 5h]
Seat 5: Lourie_Celery mucked [7h Qd]
Seat 6: Joanie_Skirret mucked [7c 6c]
Seat 7: Jeni_Lychee mucked [4s 7s]
Seat 8: Jama_Yuzu (button) mucked [Jh As]



PokerStars Hand #3661290922: Tournament #21391319, $20+$2 - Hold'em No Limit (100/200) - 2018/04/06 22:51:32
Table '#18' Seat #1 is the button
Seat 1: Simona_Avocados (11,382 in chips)
Seat 2: Jessie_Rosemary (23,197 in chips)
Seat 3: Hero (10,555 in chips)
Seat 4: Carmen_Cucumber (9,050 in chips)
Seat 5: Dwana_Guava (6,848 in chips)
Seat 6: Lupe_Peas (9,730 in chips)
Seat 7: Ebonie_Tubers (10,000 in chips)
Seat 8: Claud_Beets (14,130 in chips)
Seat 9: Tamie_Rosemary (12,105 in chips)
Jessie_Rosemary: posts small blind 100
Hero: posts big blind 200
*** HOLE CARDS ***
Dealt to Hero [3d 4h]
Carmen_Cucumber: raises 600 to 600
Dwana_Guava: folds
Lupe_Peas: folds
Ebonie_Tubers: calls 600 
Claud_Beets: folds
Tamie_Rosemary: folds
Simona_Avocados: calls 600 
Jessie_Rosemary: folds
Hero: folds
*** FLOP *** [8c 8h Ac]
Carmen_Cucumber: bets 1050 
Ebonie_Tubers: calls 1050 
Simona_Avocados: folds
*** TURN *** [8c 8h Ac] [As]
Carmen_Cucumber: checks
Ebonie_Tubers: checks
*** RIVER *** [8c 8h Ac As] [3h]
Carmen_Cucumber: bets 3400 
Ebonie_Tubers: raises 8350 to 8350 and is all-in
Carmen_Cucumber: folds
Uncalled bet (4950) returned to Ebonie_Tubers
Ebonie_Tubers: doesn't show hand
Ebonie_Tubers collected 11000 from pot
*** SUMMARY ***
Total pot 11000 | Rake 0
Board [8c 8h Ac As 3h]
Seat 1: Simona_Avocados (button) mucked [Td Kc]
Seat 2: Jessie_Rosemary (small blind) mucked [5d 6h]
Seat 3: Hero (big blind) mucked [3d 4h]
Seat 4: Carmen_Cucumber mucked [7d 7s]
Seat 5: Dwana_Guava mucked [9c 8d]
Seat 6: Lupe_Peas mucked [2s 3c]
Seat 7: Ebonie_Tubers showed [Ah Tc] and won (11000)
Seat 8: Claud_Beets mucked [6s Js]
Seat 9: Tamie_Rosemary mucked [Jc Ks]



PokerStars Hand #3661291903: Tournament #21391319, $20+$2 - Hold'em No Limit (100/200) - 2018/04/06 22:52:56
Table '#18' Seat #2 is the button
Seat 1: Karina_Papaya (10,782 in chips)
Seat 2: Carmon_Zuchinis (23,097 in chips)
Seat 3: Hero (10,355 in chips)
Seat 4: Adah_Tamarind (4,000 in chips)
Seat 5: Brice_Tamarind (6,848 in chips)
Seat 6: Lloyd_Bananas (9,730 in chips)
Seat 7: Irena_Soy (15,950 in chips)
Seat 8: Billy_Rutabaga (14,130 in chips)
Seat 9: Jesse_Olive (12,105 in chips)
Hero: posts small blind 100
Adah_Tamarind: posts big blind 200
*** HOLE CARDS ***
Dealt to Hero [7d Ad]
Brice_Tamarind: folds
Lloyd_Bananas: folds
Irena_Soy: folds
Billy_Rutabaga: folds
Jesse_Olive: folds
Karina_Papaya: calls 200 
Carmon_Zuchinis: folds
Hero: raises 700 to 800
Adah_Tamarind: calls 600 
Karina_Papaya: calls 600 
*** FLOP *** [3c 6h 7c]
Hero: bets 1500 
Adah_Tamarind: raises 3200 to 3200 and is all-in
Karina_Papaya: folds
Hero: calls 1700 
*** TURN *** [3c 6h 7c] [9c]
*** RIVER *** [3c 6h 7c 9c] [Js]
*** SHOW DOWN ***
Hero: shows [7d Ad] (a pair of Sevens)
Adah_Tamarind: shows [2d 3d] (a pair of Threes)
Hero collected 8800 from pot
Adah_Tamarind finished the tournament in 134th place
*** SUMMARY ***
Total pot 8800 | Rake 0
Board [3c 6h 7c 9c Js]
Seat 1: Karina_Papaya mucked [8c Qc]
Seat 2: Carmon_Zuchinis (button) mucked [3s Ah]
Seat 3: Hero (small blind) showed [7d Ad] and won (8800) with a pair of Sevens
Seat 4: Adah_Tamarind (big blind) showed [2d 3d] and lost with a pair of Threes
Seat 5: Brice_Tamarind mucked [7s 9s]
Seat 6: Lloyd_Bananas mucked [4c Ks]
Seat 7: Irena_Soy mucked [Jd 6c]
Seat 8: Billy_Rutabaga mucked [2h As]
Seat 9: Jesse_Olive mucked [Kc 2c]



PokerStars Hand #3661292973: Tournament #21391319, $20+$2 - Hold'em No Limit (100/200) - 2018/04/06 22:54:38
Table '#18' Seat #3 is the button
Seat 1: Juan_Chili (9,982 in chips)
Seat 2: Tommy_Plumcot (23,097 in chips)
Seat 3: Hero (15,155 in chips)
Seat 4: Alaina_Melon (6,848 in chips)
Seat 5: Freda_Yams (9,730 in chips)
Seat 6: Arla_Habanero (15,950 in chips)
Seat 7: Dusty_Turnips (14,130 in chips)
Seat 8: Makeda_Squash (12,105 in chips)
Alaina_Melon: posts big blind 200
*** HOLE CARDS ***
Dealt to Hero [6d Ts]
Freda_Yams: folds
Arla_Habanero: folds
Dusty_Turnips: folds
Makeda_Squash: raises 600 to 600
Juan_Chili: folds
Tommy_Plumcot: folds
Hero: folds
Alaina_Melon: calls 400 
*** FLOP *** [9h 8s Qc]
Alaina_Melon: checks
Makeda_Squash: bets 600 
Alaina_Melon: folds
Uncalled bet (600) returned to Makeda_Squash
Makeda_Squash: doesn't show hand
Makeda_Squash collected 1200 from pot
*** SUMMARY ***
Total pot 1200 | Rake 0
Board [9h 8s Qc]
Seat 1: Juan_Chili mucked [9d 2s]
Seat 2: Tommy_Plumcot mucked [3c Ks]
Seat 3: Hero (button) mucked [6d Ts]
Seat 4: Alaina_Melon (big blind) mucked [4d 4h]
Seat 5: Freda_Yams mucked [Qh 5s]
Seat 6: Arla_Habanero mucked [Tc 3d]
Seat 7: Dusty_Turnips mucked [4s Ah]
Seat 8: Makeda_Squash showed [8h 8d] and won (1200)



PokerStars Hand #3661293586: Tournament #21391319, $20+$2 - Hold'em No Limit (100/200) - 2018/04/06 22:55:35
Table '#18' Seat #4 is the button
Seat 1: Lanell_Kiwi (9,982 in chips)
Seat 2: Tamala_Quince (23,097 in chips)
Seat 3: Hero (15,155 in chips)
Seat 4: Frank_Garlic (10,000 in chips)
Seat 5: An_Plum (6,248 in chips)
Seat 6: Logan_Peas (9,730 in chips)
Seat 7: Rosia_Garlic (15,950 in chips)
Seat 8: Donya_Apples (14,130 in chips)
Seat 9: Sommer_Pears (12,705 in chips)
An_Plum: posts small blind 100
Logan_Peas: posts big blind 200
*** HOLE CARDS ***
Dealt to Hero [As 7s]
Rosia_Garlic: calls 200 
Donya_Apples: folds
Sommer_Pears: folds
Lanell_Kiwi: raises 600 to 600
Tamala_Quince: folds
Hero: folds
Frank_Garlic: calls 600 
An_Plum: folds
Logan_Peas: folds
Rosia_Garlic: calls 400 
*** FLOP *** [5d 8d 5h]
Rosia_Garlic: checks
Lanell_Kiwi: bets 600 
Frank_Garlic: folds
Rosia_Garlic: folds
*** SHOW DOWN ***
Lanell_Kiwi: shows [Ad 7d] (a pair of Fives)
Uncalled bet (600) returned to Lanell_Kiwi
Lanell_Kiwi collected 2100 from pot
*** SUMMARY ***
Total pot 2100 | Rake 0
Board [5d 8d 5h]
Seat 1: Lanell_Kiwi showed [Ad 7d] and won (2100) with a pair of Fives
Seat 2: Tamala_Quince mucked [6s Jh]
Seat 3: Hero mucked [As 7s]
Seat 4: Frank_Garlic (button) mucked [Th Qh]
Seat 5: An_Plum (small blind) mucked [5c Kc]
Seat 6: Logan_Peas (big blind) mucked [9c 4s]
Seat 7: Rosia_Garlic mucked [Qs Ks]
Seat 8: Donya_Apples mucked [6c 3d]
Seat 9: Sommer_Pears mucked [Qc 7c]



PokerStars Hand #3661294337: Tournament #21391319, $20+$2 - Hold'em No Limit (100/200) - 2018/04/06 22:56:47
Table '#18' Seat #5 is the button
Seat 1: Teri_Grapes (11,482 in chips)
Seat 2: Gretta_Radish (23,097 in chips)
Seat 3: Hero (15,155 in chips)
Seat 4: Mirian_Rutabaga (9,400 in chips)
Seat 5: Carlo_Kale (6,148 in chips)
Seat 6: Genaro_Chili (9,530 in chips)
Seat 7: Young_Anise (15,350 in chips)
Seat 8: Gloria_Caraway (14,130 in chips)
Seat 9: Scott_Parsley (12,705 in chips)
Genaro_Chili: posts small blind 100
Young_Anise: posts big blind 200
*** HOLE CARDS ***
Dealt to Hero [Qd Ts]
Gloria_Caraway: folds
Scott_Parsley: folds
Teri_Grapes: folds
Gretta_Radish: folds
Hero: folds
Mirian_Rutabaga: folds
Carlo_Kale: folds
Genaro_Chili: folds
Young_Anise: doesn't show hand
Uncalled bet (200) returned to Young_Anise
Young_Anise collected 100 from pot
*** SUMMARY ***
Total pot 100 | Rake 0
Seat 1: Teri_Grapes mucked [5h 4s]
Seat 2: Gretta_Radish mucked [Ad 6c]
Seat 3: Hero mucked [Qd Ts]
Seat 4: Mirian_Rutabaga mucked [7s 9s]
Seat 5: Carlo_Kale (button) mucked [7c 3d]
Seat 6: Genaro_Chili (small blind) mucked [8d Ks]
Seat 7: Young_Anise (big blind) showed [2s 9h] and won (100)
Seat 8: Gloria_Caraway mucked [2c Js]
Seat 9: Scott_Parsley mucked [2d Jh]



PokerStars Hand #3661294653: Tournament #21391319, $20+$2 - Hold'em No Limit (100/200) - 2018/04/06 22:57:17
Table '#18' Seat #6 is the button
Seat 1: Young_Tomatoes (11,482 in chips)
Seat 2: Todd_Honeydew (23,097 in chips)
Seat 3: Hero (15,155 in chips)
Seat 4: Hobert_Peas (9,400 in chips)
Seat 5: Candie_Sage (6,148 in chips)
Seat 6: Sol_Honeydew (9,430 in chips)
Seat 7: Pat_Oregano (15,450 in chips)
Seat 8: Gus_Radish (14,130 in chips)
Seat 9: Agnes_Celery (12,705 in chips)
Pat_Oregano: posts small blind 100
Gus_Radish: posts big blind 200
*** HOLE CARDS ***
Dealt to Hero [6c 4d]
Agnes_Celery: folds
Young_Tomatoes: folds
Todd_Honeydew: folds
Hero: folds
Hobert_Peas: folds
Candie_Sage: folds
Sol_Honeydew: folds
Pat_Oregano: folds
Gus_Radish: doesn't show hand
Uncalled bet (200) returned to Gus_Radish
Gus_Radish collected 100 from pot
*** SUMMARY ***
Total pot 100 | Rake 0
Seat 1: Young_Tomatoes mucked [Qh 9d]
Seat 2: Todd_Honeydew mucked [Qd Jc]
Seat 3: Hero mucked [6c 4d]
Seat 4: Hobert_Peas mucked [Tc 6s]
Seat 5: Candie_Sage mucked [5c Th]
Seat 6: Sol_Honeydew (button) mucked [3d 6d]
Seat 7: Pat_Oregano (small blind) mucked [5h 3c]
Seat 8: Gus_Radish (big blind) showed [3h Kh] and won (100)
Seat 9: Agnes_Celery mucked [4c 8h]



PokerStars Hand #3661295035: Tournament #21391319, $20+$2 - Hold'em No Limit (100/200) - 2018/04/06 22:57:53
Table '#18' Seat #7 is the button
Seat 1: Mabel_Bananas (11,482 in chips)
Seat 2: Rivka_Kiwi (23,097 in chips)
Seat 3: Hero (15,155 in chips)
Seat 4: Nisha_Soy (9,400 in chips)
Seat 5: Arlene_Collard (6,148 in chips)
Seat 6: Lavina_Raisins (9,430 in chips)
Seat 7: Penni_Squash (15,350 in chips)
Seat 8: Tamica_Chives (14,230 in chips)
Seat 9: Zoila_Squash (12,705 in chips)
Tamica_Chives: posts small blind 100
Zoila_Squash: posts big blind 200
*** HOLE CARDS ***
Dealt to Hero [Ks 4h]
Mabel_Bananas: folds
Rivka_Kiwi: folds
Hero: folds
Nisha_Soy: folds
Arlene_Collard: folds
Lavina_Raisins: folds
Penni_Squash: folds
Tamica_Chives: calls 100 
Zoila_Squash: checks
*** FLOP *** [Ac 7c 6s]
Tamica_Chives: bets 200 
Zoila_Squash: folds
Uncalled bet (200) returned to Tamica_Chives
Tamica_Chives: doesn't show hand
Tamica_Chives collected 400 from pot
*** SUMMARY ***
Total pot 400 | Rake 0
Board [Ac 7c 6s]
Seat 1: Mabel_Bananas mucked [9h 2d]
Seat 2: Rivka_Kiwi mucked [Jc Qs]
Seat 3: Hero mucked [Ks 4h]
Seat 4: Nisha_Soy mucked [8s Td]
Seat 5: Arlene_Collard mucked [5d 7s]
Seat 6: Lavina_Raisins mucked [Jh 5c]
Seat 7: Penni_Squash (button) mucked [3d Qd]
Seat 8: Tamica_Chives (small blind) showed [Th 3h] and won (400)
Seat 9: Zoila_Squash (big blind) mucked [8d Qh]



PokerStars Hand #3661295390: Tournament #21391319, $20+$2 - Hold'em No Limit (100/200) - 2018/04/06 22:58:26
Table '#18' Seat #8 is the button
Seat 1: Lai_Shallot (11,482 in chips)
Seat 2: Elwood_Tomatoes (23,097 in chips)
Seat 3: Hero (15,155 in chips)
Seat 4: Delisa_Ugli (9,400 in chips)
Seat 5: Adrian_Jalapeño (6,148 in chips)
Seat 6: Jack_Salak (9,430 in chips)
Seat 7: Alyse_Bananas (15,350 in chips)
Seat 8: Keith_Parsley (14,430 in chips)
Seat 9: Pa_Mulberry (12,505 in chips)
Pa_Mulberry: posts small blind 100
Lai_Shallot: posts big blind 200
*** HOLE CARDS ***
Dealt to Hero [6h 7c]
Elwood_Tomatoes: folds
Hero: folds
Delisa_Ugli: raises 700 to 700
Adrian_Jalapeño: folds
Jack_Salak: folds
Alyse_Bananas: folds
Keith_Parsley: folds
Pa_Mulberry: folds
Lai_Shallot: folds
Uncalled bet (500) returned to Delisa_Ugli
Delisa_Ugli: doesn't show hand
Delisa_Ugli collected 500 from pot
*** SUMMARY ***
Total pot 500 | Rake 0
Seat 1: Lai_Shallot (big blind) mucked [4h 5c]
Seat 2: Elwood_Tomatoes mucked [Qd 8c]
Seat 3: Hero mucked [6h 7c]
Seat 4: Delisa_Ugli showed [Ah Ad] and won (500)
Seat 5: Adrian_Jalapeño mucked [Kh 2c]
Seat 6: Jack_Salak mucked [Td 6c]
Seat 7: Alyse_Bananas mucked [Jh Tc]
Seat 8: Keith_Parsley (button) mucked [3s 8d]
Seat 9: Pa_Mulberry (small blind) mucked [7s 2d]



PokerStars Hand #3661295703: Tournament #21391319, $20+$2 - Hold'em No Limit (100/200) - 2018/04/06 22:58:56
Table '#18' Seat #9 is the button
Seat 1: Tilda_Sprouts (11,282 in chips)
Seat 2: Audria_Lettuce (23,097 in chips)
Seat 3: Hero (15,155 in chips)
Seat 4: Tamiko_Kiwi (9,700 in chips)
Seat 5: Tyrone_Pomelo (6,148 in chips)
Seat 6: Taryn_Parsley (9,430 in chips)
Seat 7: Ian_Zuchinis (15,350 in chips)
Seat 8: Dodie_Rutabaga (14,430 in chips)
Seat 9: Lorene_Jalapeño (12,405 in chips)
Tilda_Sprouts: posts small blind 100
Audria_Lettuce: posts big blind 200
*** HOLE CARDS ***
Dealt to Hero [4s Jh]
Hero: folds
Tamiko_Kiwi: folds
Tyrone_Pomelo: raises 600 to 600
Taryn_Parsley: folds
Ian_Zuchinis: folds
Dodie_Rutabaga: folds
Lorene_Jalapeño: folds
Tilda_Sprouts: calls 500 
Audria_Lettuce: folds
*** FLOP *** [Tc Kc 3d]
Tilda_Sprouts: checks
Tyrone_Pomelo: bets 400 
Tilda_Sprouts: raises 1200 to 1200
Tyrone_Pomelo: raises 5148 to 5548 and is all-in
Tilda_Sprouts: calls 4348 
*** TURN *** [Tc Kc 3d] [Qh]
*** RIVER *** [Tc Kc 3d Qh] [6d]
*** SHOW DOWN ***
Tilda_Sprouts: shows [Kd Td] (two pair, Kings and Tens)
Tyrone_Pomelo: shows [Th Ad] (a pair of Tens)
Tilda_Sprouts collected 12496 from pot
Tyrone_Pomelo finished the tournament in 135th place
*** SUMMARY ***
Total pot 12496 | Rake 0
Board [Tc Kc 3d Qh 6d]
Seat 1: Tilda_Sprouts (small blind) showed [Kd Td] and won (12496) with two pair, Kings and Tens
Seat 2: Audria_Lettuce (big blind) mucked [8h Jc]
Seat 3: Hero mucked [4s Jh]
Seat 4: Tamiko_Kiwi mucked [5h 9s]
Seat 5: Tyrone_Pomelo showed [Th Ad] and lost with a pair of Tens
Seat 6: Taryn_Parsley mucked [Js Qd]
Seat 7: Ian_Zuchinis mucked [9c 2d]
Seat 8: Dodie_Rutabaga mucked [Ac 4d]
Seat 9: Lorene_Jalapeño (button) mucked [6s 5s]



PokerStars Hand #3661296440: Tournament #21391319, $20+$2 - Hold'em No Limit (100/200) - 2018/04/06 22:59:56
Table '#18' Seat #1 is the button
Seat 1: Jettie_Orange (17,630 in chips)
Seat 2: Rema_Oregano (22,897 in chips)
Seat 3: Hero (15,155 in chips)
Seat 4: Randal_Squash (9,700 in chips)
Seat 5: Gertha_Shallot (9,430 in chips)
Seat 6: Rhea_Jicama (15,350 in chips)
Seat 7: Twana_Beans (14,430 in chips)
Seat 8: Tamica_Soursop (12,405 in chips)
Rema_Oregano: posts small blind 100
Hero: posts big blind 200
*** HOLE CARDS ***
Dealt to Hero [9h 5d]
Randal_Squash: folds
Gertha_Shallot: folds
Rhea_Jicama: folds
Twana_Beans: folds
Tamica_Soursop: calls 200 
Jettie_Orange: folds
Rema_Oregano: folds
Hero: checks
*** FLOP *** [3d 5s Ks]
Hero: checks
Tamica_Soursop: checks
*** TURN *** [3d 5s Ks] [Th]
Hero: checks
Tamica_Soursop: checks
*** RIVER *** [3d 5s Ks Th] [Ah]
Hero: checks
Tamica_Soursop: bets 250 
Hero: folds
Uncalled bet (250) returned to Tamica_Soursop
Tamica_Soursop: doesn't show hand
Tamica_Soursop collected 500 from pot
*** SUMMARY ***
Total pot 500 | Rake 0
Board [3d 5s Ks Th Ah]
Seat 1: Jettie_Orange (button) mucked [4c Kd]
Seat 2: Rema_Oregano (small blind) mucked [7s 5h]
Seat 3: Hero (big blind) mucked [9h 5d]
Seat 4: Randal_Squash mucked [Kc 9d]
Seat 5: Gertha_Shallot mucked [8s 4d]
Seat 6: Rhea_Jicama mucked [Jd 6c]
Seat 7: Twana_Beans mucked [5c Qd]
Seat 8: Tamica_Soursop showed [Ad 2d] and won (500)



PokerStars Hand #3661297399: Tournament #21391319, $20+$2 - Hold'em No Limit (100/200) - 2018/04/06 23:01:20
Table '#18' Seat #2 is the button
Seat 1: Shala_Cherry (17,630 in chips)
Seat 2: Sanda_Rhubarb (22,797 in chips)
Seat 3: Hero (14,955 in chips)
Seat 4: Truman_Zuchinis (9,700 in chips)
Seat 5: Foster_Melon (10,000 in chips)
Seat 6: Loree_Cherry (9,430 in chips)
Seat 7: Elvia_Alfalfa (15,350 in chips)
Seat 8: Ronda_Wasabi (14,430 in chips)
Seat 9: Goldie_Avocados (12,705 in chips)
Hero: posts small blind 100
Truman_Zuchinis: posts big blind 200
*** HOLE CARDS ***
Dealt to Hero [4s 2s]
Foster_Melon: raises 600 to 600
Loree_Cherry: folds
Elvia_Alfalfa: folds
Ronda_Wasabi: folds
Goldie_Avocados: folds
Shala_Cherry: folds
Sanda_Rhubarb: folds
Hero: folds
Truman_Zuchinis: folds
Uncalled bet (400) returned to Foster_Melon
Foster_Melon: doesn't show hand
Foster_Melon collected 500 from pot
*** SUMMARY ***
Total pot 500 | Rake 0
Seat 1: Shala_Cherry mucked [7d 9c]
Seat 2: Sanda_Rhubarb (button) mucked [Jh 7h]
Seat 3: Hero (small blind) mucked [4s 2s]
Seat 4: Truman_Zuchinis (big blind) mucked [2h Th]
Seat 5: Foster_Melon showed [Jc Tc] and won (500)
Seat 6: Loree_Cherry mucked [2c 7s]
Seat 7: Elvia_Alfalfa mucked [As 6d]
Seat 8: Ronda_Wasabi mucked [Js 4c]
Seat 9: Goldie_Avocados mucked [6s Ah]



PokerStars Hand #3661298112: Tournament #21391319, $20+$2 - Hold'em No Limit (125/250) - 2018/04/06 23:02:23
Table '#18' Seat #3 is the button
Seat 1: Wilma_Carrots (17,630 in chips)
Seat 2: Elicia_Potatos (22,797 in chips)
Seat 3: Hero (14,855 in chips)
Seat 4: Marcie_Jujube (9,500 in chips)
Seat 5: Daniel_Pears (10,300 in chips)
Seat 6: Cheryl_Cherry (9,430 in chips)
Seat 7: Karon_Radish (15,350 in chips)
Seat 8: Myles_Plum (14,430 in chips)
Seat 9: Chae_Satsuma (12,705 in chips)
Wilma_Carrots: posts the ante 25
Elicia_Potatos: posts the ante 25
Hero: posts the ante 25
Marcie_Jujube: posts the ante 25
Daniel_Pears: posts the ante 25
Cheryl_Cherry: posts the ante 25
Karon_Radish: posts the ante 25
Myles_Plum: posts the ante 25
Chae_Satsuma: posts the ante 25
Marcie_Jujube: posts small blind 125
Daniel_Pears: posts big blind 250
*** HOLE CARDS ***
Dealt to Hero [3s Tc]
Cheryl_Cherry: folds
Karon_Radish: folds
Myles_Plum: folds
Chae_Satsuma: folds
Wilma_Carrots: folds
Elicia_Potatos: raises 575 to 575
Hero: folds
Marcie_Jujube: calls 450 
Daniel_Pears: calls 325 
*** FLOP *** [6s 8s Ac]
Marcie_Jujube: checks
Daniel_Pears: checks
Elicia_Potatos: bets 1325 
Marcie_Jujube: folds
Daniel_Pears: calls 1325 
*** TURN *** [6s 8s Ac] [4s]
Daniel_Pears: checks
Elicia_Potatos: checks
*** RIVER *** [6s 8s Ac 4s] [Kc]
Daniel_Pears: bets 2027 
Elicia_Potatos: calls 2027 
*** SHOW DOWN ***
Daniel_Pears: shows [5s 5d] (a pair of Fives)
Elicia_Potatos: shows [9h Ad] (a pair of Aces)
Elicia_Potatos collected 8654 from pot
*** SUMMARY ***
Total pot 8654 | Rake 0
Board [6s 8s Ac 4s Kc]
Seat 1: Wilma_Carrots mucked [Ts 8d]
Seat 2: Elicia_Potatos showed [9h Ad] and won (8654) with a pair of Aces
Seat 3: Hero (button) mucked [3s Tc]
Seat 4: Marcie_Jujube (small blind) mucked [Qs Th]
Seat 5: Daniel_Pears (big blind) showed [5s 5d] and lost with a pair of Fives
Seat 6: Cheryl_Cherry mucked [Kh Jh]
Seat 7: Karon_Radish mucked [7c 3h]
Seat 8: Myles_Plum mucked [Js 4c]
Seat 9: Chae_Satsuma mucked [Kd 7h]



PokerStars Hand #3661299338: Tournament #21391319, $20+$2 - Hold'em No Limit (125/250) - 2018/04/06 23:04:11
Table '#18' Seat #3 is the button
Seat 1: Rena_Pears (17,605 in chips)
Seat 2: Hero (14,830 in chips)
Seat 3: Delora_Anise (8,900 in chips)
Seat 4: Piedad_Celery (6,348 in chips)
Seat 5: Melody_Lentils (9,405 in chips)
Seat 6: Tierra_Ginger (15,325 in chips)
Seat 7: Chung_Parnsip (14,405 in chips)
Seat 8: Kayla_Tubers (12,680 in chips)
Rena_Pears: posts the ante 25
Hero: posts the ante 25
Delora_Anise: posts the ante 25
Piedad_Celery: posts the ante 25
Melody_Lentils: posts the ante 25
Tierra_Ginger: posts the ante 25
Chung_Parnsip: posts the ante 25
Kayla_Tubers: posts the ante 25
Piedad_Celery: posts small blind 125
Melody_Lentils: posts big blind 250
*** HOLE CARDS ***
Dealt to Hero [4c 8h]
Tierra_Ginger: folds
Chung_Parnsip: raises 500 to 500
Kayla_Tubers: folds
Rena_Pears: folds
Hero: folds
Delora_Anise: folds
Piedad_Celery: folds
Melody_Lentils: folds
Uncalled bet (250) returned to Chung_Parnsip
Chung_Parnsip: doesn't show hand
Chung_Parnsip collected 825 from pot
*** SUMMARY ***
Total pot 825 | Rake 0
Seat 1: Rena_Pears mucked [8s Qh]
Seat 2: Hero mucked [4c 8h]
Seat 3: Delora_Anise (button) mucked [4s Ah]
Seat 4: Piedad_Celery (small blind) mucked [Jh 2s]
Seat 5: Melody_Lentils (big blind) mucked [3d Td]
Seat 6: Tierra_Ginger mucked [8d 3h]
Seat 7: Chung_Parnsip showed [5h 5c] and won (825)
Seat 8: Kayla_Tubers mucked [6s Qc]



PokerStars Hand #3661299816: Tournament #21391319, $20+$2 - Hold'em No Limit (125/250) - 2018/04/06 23:04:53
Table '#18' Seat #4 is the button
Seat 1: Monty_Cilantro (17,580 in chips)
Seat 2: Hero (14,805 in chips)
Seat 3: Sandee_Onions (8,875 in chips)
Seat 4: Isidra_Fennel (6,198 in chips)
Seat 5: Mandie_Rutabaga (9,130 in chips)
Seat 6: Meg_Pears (15,300 in chips)
Seat 7: Elyse_Anise (14,955 in chips)
Seat 8: Anna_Lime (12,655 in chips)
Monty_Cilantro: posts the ante 25
Hero: posts the ante 25
Sandee_Onions: posts the ante 25
Isidra_Fennel: posts the ante 25
Mandie_Rutabaga: posts the ante 25
Meg_Pears: posts the ante 25
Elyse_Anise: posts the ante 25
Anna_Lime: posts the ante 25
Mandie_Rutabaga: posts small blind 125
Meg_Pears: posts big blind 250
*** HOLE CARDS ***
Dealt to Hero [9d 7d]
Elyse_Anise: folds
Anna_Lime: folds
Monty_Cilantro: folds
Hero: raises 600 to 600
Sandee_Onions: raises 2375 to 2375
Isidra_Fennel: folds
Mandie_Rutabaga: folds
Meg_Pears: folds
Hero: folds
Uncalled bet (1775) returned to Sandee_Onions
Sandee_Onions: doesn't show hand
Sandee_Onions collected 1775 from pot
*** SUMMARY ***
Total pot 1775 | Rake 0
Seat 1: Monty_Cilantro mucked [5d 2s]
Seat 2: Hero mucked [9d 7d]
Seat 3: Sandee_Onions showed [Js Jh] and won (1775)
Seat 4: Isidra_Fennel (button) mucked [4h 6d]
Seat 5: Mandie_Rutabaga (small blind) mucked [Td 3s]
Seat 6: Meg_Pears (big blind) mucked [Th Kd]
Seat 7: Elyse_Anise mucked [3c 8s]
Seat 8: Anna_Lime mucked [7s Qs]



PokerStars Hand #3661300682: Tournament #21391319, $20+$2 - Hold'em No Limit (125/250) - 2018/04/06 23:06:08
Table '#18' Seat #5 is the button
Seat 1: Glenda_Rutabaga (17,555 in chips)
Seat 2: Hero (14,180 in chips)
Seat 3: Daryl_Tamarind (10,025 in chips)
Seat 4: Gudrun_Cilantro (6,173 in chips)
Seat 5: Pierre_Quinoa (8,980 in chips)
Seat 6: Terry_Soy (15,025 in chips)
Seat 7: Sonya_Oregano (14,930 in chips)
Seat 8: Gil_Marjoram (12,630 in chips)
Glenda_Rutabaga: posts the ante 25
Hero: posts the ante 25
Daryl_Tamarind: posts the ante 25
Gudrun_Cilantro: posts the ante 25
Pierre_Quinoa: posts the ante 25
Terry_Soy: posts the ante 25
Sonya_Oregano: posts the ante 25
Gil_Marjoram: posts the ante 25
Terry_Soy: posts small blind 125
Sonya_Oregano: posts big blind 250
*** HOLE CARDS ***
Dealt to Hero [2c Qh]
Gil_Marjoram: folds
Glenda_Rutabaga: folds
Hero: folds
Daryl_Tamarind: folds
Gudrun_Cilantro: raises 716 to 716
Pierre_Quinoa: folds
Terry_Soy: folds
Sonya_Oregano: calls 466 
*** FLOP *** [8h 2h 6s]
Sonya_Oregano: bets 1574 
Gudrun_Cilantro: raises 5432 to 5432 and is all-in
Sonya_Oregano: calls 3858 
*** TURN *** [8h 2h 6s] [9h]
*** RIVER *** [8h 2h 6s 9h] [4d]
*** SHOW DOWN ***
Gudrun_Cilantro: shows [Qd Ac] (high card Ace)
Sonya_Oregano: shows [9c 7c] (a pair of Nines)
Sonya_Oregano collected 12621 from pot
Gudrun_Cilantro finished the tournament in 138th place
*** SUMMARY ***
Total pot 12621 | Rake 0
Board [8h 2h 6s 9h 4d]
Seat 1: Glenda_Rutabaga mucked [6c Ts]
Seat 2: Hero mucked [2c Qh]
Seat 3: Daryl_Tamarind mucked [8s 3c]
Seat 4: Gudrun_Cilantro showed [Qd Ac] and lost with high card Ace
Seat 5: Pierre_Quinoa (button) mucked [5d 7d]
Seat 6: Terry_Soy (small blind) mucked [Tc Qs]
Seat 7: Sonya_Oregano (big blind) showed [9c 7c] and won (12621) with a pair of Nines
Seat 8: Gil_Marjoram mucked [6d 3h]



PokerStars Hand #3661301471: Tournament #21391319, $20+$2 - Hold'em No Limit (125/250) - 2018/04/06 23:07:20
Table '#18' Seat #6 is the button
Seat 1: Peter_Papaya (17,530 in chips)
Seat 2: Eilene_Lentils (10,000 in chips)
Seat 3: Hero (14,155 in chips)
Seat 4: Meghan_Soy (10,000 in chips)
Seat 5: Nona_Plantain (8,955 in chips)
Seat 6: Lisha_Grapes (14,875 in chips)
Seat 7: Will_Plum (21,378 in chips)
Seat 8: Megan_Wasabi (12,605 in chips)
Peter_Papaya: posts the ante 25
Eilene_Lentils: posts the ante 25
Hero: posts the ante 25
Meghan_Soy: posts the ante 25
Nona_Plantain: posts the ante 25
Lisha_Grapes: posts the ante 25
Will_Plum: posts the ante 25
Megan_Wasabi: posts the ante 25
Will_Plum: posts small blind 125
Megan_Wasabi: posts big blind 250
*** HOLE CARDS ***
Dealt to Hero [Js Kc]
Peter_Papaya: calls 250 
Eilene_Lentils: folds
Hero: folds
Meghan_Soy: folds
Nona_Plantain: folds
Lisha_Grapes: folds
Will_Plum: folds
Megan_Wasabi: checks
*** FLOP *** [4c 7c Kh]
Megan_Wasabi: checks
Peter_Papaya: checks
*** TURN *** [4c 7c Kh] [Qd]
Megan_Wasabi: checks
Peter_Papaya: bets 450 
Megan_Wasabi: folds
Uncalled bet (450) returned to Peter_Papaya
Peter_Papaya: doesn't show hand
Peter_Papaya collected 825 from pot
*** SUMMARY ***
Total pot 825 | Rake 0
Board [4c 7c Kh Qd]
Seat 1: Peter_Papaya showed [Ah 8s] and won (825)
Seat 2: Eilene_Lentils mucked [8d 9d]
Seat 3: Hero mucked [Js Kc]
Seat 4: Meghan_Soy mucked [5d 9c]
Seat 5: Nona_Plantain mucked [As 5c]
Seat 6: Lisha_Grapes (button) mucked [Qs 9s]
Seat 7: Will_Plum (small blind) mucked [Jh 5s]
Seat 8: Megan_Wasabi (big blind) mucked [7d Th]



PokerStars Hand #3661302332: Tournament #21391319, $20+$2 - Hold'em No Limit (125/250) - 2018/04/06 23:08:38
Table '#18' Seat #8 is the button
Seat 1: Janice_Caraway (18,080 in chips)
Seat 2: Ted_Okra (9,975 in chips)
Seat 3: Hero (14,130 in chips)
Seat 4: Ernest_Plum (9,975 in chips)
Seat 5: Caryn_Rambutan (10,000 in chips)
Seat 6: Leslie_Oregano (8,930 in chips)
Seat 7: Mayra_Lentils (14,850 in chips)
Seat 8: Dirk_Papaya (21,228 in chips)
Seat 9: Andrew_Turnips (12,330 in chips)
Janice_Caraway: posts the ante 25
Ted_Okra: posts the ante 25
Hero: posts the ante 25
Ernest_Plum: posts the ante 25
Caryn_Rambutan: posts the ante 25
Leslie_Oregano: posts the ante 25
Mayra_Lentils: posts the ante 25
Dirk_Papaya: posts the ante 25
Andrew_Turnips: posts the ante 25
Andrew_Turnips: posts small blind 125
Janice_Caraway: posts big blind 250
*** HOLE CARDS ***
Dealt to Hero [Ac 8d]
Ted_Okra: folds
Hero: folds
Ernest_Plum: folds
Caryn_Rambutan: folds
Leslie_Oregano: raises 750 to 750
Mayra_Lentils: calls 750 
Dirk_Papaya: folds
Andrew_Turnips: folds
Janice_Caraway: calls 500 
*** FLOP *** [2d Jc 6c]
Janice_Caraway: checks
Leslie_Oregano: checks
Mayra_Lentils: checks
*** TURN *** [2d Jc 6c] [Td]
Janice_Caraway: checks
Leslie_Oregano: checks
Mayra_Lentils: bets 3607 
Janice_Caraway: folds
Leslie_Oregano: folds
Uncalled bet (3607) returned to Mayra_Lentils
Mayra_Lentils: doesn't show hand
Mayra_Lentils collected 2600 from pot
*** SUMMARY ***
Total pot 2600 | Rake 0
Board [2d Jc 6c Td]
Seat 1: Janice_Caraway (big blind) mucked [Kc Qs]
Seat 2: Ted_Okra mucked [4d 7c]
Seat 3: Hero mucked [Ac 8d]
Seat 4: Ernest_Plum mucked [Tc Jh]
Seat 5: Caryn_Rambutan mucked [2s 4c]
Seat 6: Leslie_Oregano mucked [5c 5s]
Seat 7: Mayra_Lentils showed [6s 6d] and won (2600)
Seat 8: Dirk_Papaya (button) mucked [Jd 7d]
Seat 9: Andrew_Turnips (small blind) mucked [2h Ah]



PokerStars Hand #3661303270: Tournament #21391319, $20+$2 - Hold'em No Limit (125/250) - 2018/04/06 23:09:59
Table '#18' Seat #9 is the button
Seat 1: Alena_Yuzu (17,305 in chips)
Seat 2: Tanja_Quinoa (9,950 in chips)
Seat 3: Hero (14,105 in chips)
Seat 4: Loren_Apples (9,950 in chips)
Seat 5: Un_Parsley (9,975 in chips)
Seat 6: Gina_Onions (8,155 in chips)
Seat 7: Otha_Rutabaga (16,675 in chips)
Seat 8: Mayra_Caraway (21,203 in chips)
Seat 9: Joshua_Cayenne (12,180 in chips)
Alena_Yuzu: posts the ante 25
Tanja_Quinoa: posts the ante 25
Hero: posts the ante 25
Loren_Apples: posts the ante 25
Un_Parsley: posts the ante 25
Gina_Onions: posts the ante 25
Otha_Rutabaga: posts the ante 25
Mayra_Caraway: posts the ante 25
Joshua_Cayenne: posts the ante 25
Alena_Yuzu: posts small blind 125
Tanja_Quinoa: posts big blind 250
*** HOLE CARDS ***
Dealt to Hero [Jd 9d]
Hero: raises 600 to 600
Loren_Apples: raises 2400 to 2400
Un_Parsley: folds
Gina_Onions: folds
Otha_Rutabaga: folds
Mayra_Caraway: folds
Joshua_Cayenne: folds
Alena_Yuzu: folds
Tanja_Quinoa: folds
Hero: folds
Uncalled bet (1800) returned to Loren_Apples
Loren_Apples: doesn't show hand
Loren_Apples collected 1800 from pot
*** SUMMARY ***
Total pot 1800 | Rake 0
Seat 1: Alena_Yuzu (small blind) mucked [4d 7s]
Seat 2: Tanja_Quinoa (big blind) mucked [4c Ac]
Seat 3: Hero mucked [Jd 9d]
Seat 4: Loren_Apples showed [Kd As] and won (1800)
Seat 5: Un_Parsley mucked [6s 8s]
Seat 6: Gina_Onions mucked [Jc 6h]
Seat 7: Otha_Rutabaga mucked [4h 2c]
Seat 8: Mayra_Caraway mucked [Ah Td]
Seat 9: Joshua_Cayenne (button) mucked [5s 8c]



PokerStars Hand #3661304019: Tournament #21391319, $20+$2 - Hold'em No Limit (125/250) - 2018/04/06 23:11:08
Table '#18' Seat #1 is the button
Seat 1: Eliza_Orange (17,155 in chips)
Seat 2: Dotty_Chives (9,675 in chips)
Seat 3: Hero (13,480 in chips)
Seat 4: Hellen_Cherry (11,125 in chips)
Seat 5: Jammie_Zuchinis (9,950 in chips)
Seat 6: Dara_Pomelo (8,130 in chips)
Seat 7: Ashly_Mango (16,650 in chips)
Seat 8: Arleen_Grapes (21,178 in chips)
Seat 9: Kimber_Olive (12,155 in chips)
Eliza_Orange: posts the ante 25
Dotty_Chives: posts the ante 25
Hero: posts the ante 25
Hellen_Cherry: posts the ante 25
Jammie_Zuchinis: posts the ante 25
Dara_Pomelo: posts the ante 25
Ashly_Mango: posts the ante 25
Arleen_Grapes: posts the ante 25
Kimber_Olive: posts the ante 25
Dotty_Chives: posts small blind 125
Hero: posts big blind 250
*** HOLE CARDS ***
Dealt to Hero [2d 9c]
Hellen_Cherry: folds
Jammie_Zuchinis: folds
Dara_Pomelo: folds
Ashly_Mango: folds
Arleen_Grapes: folds
Kimber_Olive: folds
Eliza_Orange: calls 250 
Dotty_Chives: folds
Hero: checks
*** FLOP *** [4d Ts 8c]
Hero: checks
Eliza_Orange: checks
*** TURN *** [4d Ts 8c] [2s]
Hero: checks
Eliza_Orange: checks
*** RIVER *** [4d Ts 8c 2s] [3h]
Hero: checks
Eliza_Orange: checks
*** SHOW DOWN ***
Hero: shows [2d 9c] (a pair of Deuces)
Eliza_Orange: Mucks [Kc 9d] (High Card)
Hero collected 850 from pot
*** SUMMARY ***
Total pot 850 | Rake 0
Board [4d Ts 8c 2s 3h]
Seat 1: Eliza_Orange (button) mucked [Kc 9d]
Seat 2: Dotty_Chives (small blind) mucked [5c 7h]
Seat 3: Hero (big blind) showed [2d 9c] and won (850) with a pair of Deuces
Seat 4: Hellen_Cherry mucked [5h Jd]
Seat 5: Jammie_Zuchinis mucked [3c 7s]
Seat 6: Dara_Pomelo mucked [Kd Js]
Seat 7: Ashly_Mango mucked [6h Qh]
Seat 8: Arleen_Grapes mucked [8d Jc]
Seat 9: Kimber_Olive mucked [6s Td]



PokerStars Hand #3661305229: Tournament #21391319, $20+$2 - Hold'em No Limit (150/300) - 2018/04/06 23:12:59
Table '#18' Seat #2 is the button
Seat 1: Suzie_Celeriac (16,880 in chips)
Seat 2: Vince_Anise (9,525 in chips)
Seat 3: Hero (14,055 in chips)
Seat 4: Sharri_Tamarind (11,100 in chips)
Seat 5: Aurore_Bananas (9,925 in chips)
Seat 6: Adelle_Sprouts (8,105 in chips)
Seat 7: Vinita_Avocados (16,625 in chips)
Seat 8: Shin_Tubers (21,153 in chips)
Seat 9: Myriam_Carrots (12,130 in chips)
Suzie_Celeriac: posts the ante 30
Vince_Anise: posts the ante 30
Hero: posts the ante 30
Sharri_Tamarind: posts the ante 30
Aurore_Bananas: posts the ante 30
Adelle_Sprouts: posts the ante 30
Vinita_Avocados: posts the ante 30
Shin_Tubers: posts the ante 30
Myriam_Carrots: posts the ante 30
Hero: posts small blind 150
Sharri_Tamarind: posts big blind 300
*** HOLE CARDS ***
Dealt to Hero [4c 2s]
Aurore_Bananas: folds
Adelle_Sprouts: folds
Vinita_Avocados: folds
Shin_Tubers: folds
Myriam_Carrots: folds
Suzie_Celeriac: folds
Vince_Anise: folds
Hero: folds
Sharri_Tamarind: doesn't show hand
Uncalled bet (300) returned to Sharri_Tamarind
Sharri_Tamarind collected 420 from pot
*** SUMMARY ***
Total pot 420 | Rake 0
Seat 1: Suzie_Celeriac mucked [9s 3s]
Seat 2: Vince_Anise (button) mucked [9d Ts]
Seat 3: Hero (small blind) mucked [4c 2s]
Seat 4: Sharri_Tamarind (big blind) showed [8d 6c] and won (420)
Seat 5: Aurore_Bananas mucked [6s Kc]
Seat 6: Adelle_Sprouts mucked [7h 9h]
Seat 7: Vinita_Avocados mucked [2h 9c]
Seat 8: Shin_Tubers mucked [6d Ac]
Seat 9: Myriam_Carrots mucked [8s 5s]



PokerStars Hand #3661305779: Tournament #21391319, $20+$2 - Hold'em No Limit (150/300) - 2018/04/06 23:13:50
Table '#18' Seat #3 is the button
Seat 1: Lisha_Plumcot (16,850 in chips)
Seat 2: Kurt_Spinach (9,495 in chips)
Seat 3: Hero (13,875 in chips)
Seat 4: Ima_Garlic (11,490 in chips)
Seat 5: Elease_Squash (9,895 in chips)
Seat 6: Pei_Soy (8,075 in chips)
Seat 7: Sherry_Apples (21,123 in chips)
Seat 8: Luther_Broccoli (12,100 in chips)
Lisha_Plumcot: posts the ante 30
Kurt_Spinach: posts the ante 30
Hero: posts the ante 30
Ima_Garlic: posts the ante 30
Elease_Squash: posts the ante 30
Pei_Soy: posts the ante 30
Sherry_Apples: posts the ante 30
Luther_Broccoli: posts the ante 30
Ima_Garlic: posts small blind 150
Elease_Squash: posts big blind 300
*** HOLE CARDS ***
Dealt to Hero [6s 7d]
Pei_Soy: folds
Sherry_Apples: folds
Luther_Broccoli: folds
Lisha_Plumcot: calls 300 
Kurt_Spinach: folds
Hero: folds
Ima_Garlic: calls 150 
Elease_Squash: checks
*** FLOP *** [4h Qh Qs]
Ima_Garlic: checks
Elease_Squash: checks
Lisha_Plumcot: checks
*** TURN *** [4h Qh Qs] [4d]
Ima_Garlic: checks
Elease_Squash: checks
Lisha_Plumcot: checks
*** RIVER *** [4h Qh Qs 4d] [3c]
Ima_Garlic: checks
Elease_Squash: checks
Lisha_Plumcot: checks
*** SHOW DOWN ***
Ima_Garlic: shows [9h Kd] (two pair, Queens and Fours)
Elease_Squash: Mucks [2s 7h] (Two pair)
Lisha_Plumcot: shows [7c Ad] (two pair, Queens and Fours)
Lisha_Plumcot collected 1140 from pot
*** SUMMARY ***
Total pot 1140 | Rake 0
Board [4h Qh Qs 4d 3c]
Seat 1: Lisha_Plumcot showed [7c Ad] and won (1140) with two pair, Queens and Fours
Seat 2: Kurt_Spinach mucked [Kh 2d]
Seat 3: Hero (button) mucked [6s 7d]
Seat 4: Ima_Garlic (small blind) showed [9h Kd] and lost with two pair, Queens and Fours
Seat 5: Elease_Squash (big blind) mucked [2s 7h]
Seat 6: Pei_Soy mucked [Ac 8h]
Seat 7: Sherry_Apples mucked [5d 8s]
Seat 8: Luther_Broccoli mucked [3h 4c]



PokerStars Hand #3661307417: Tournament #21391319, $20+$2 - Hold'em No Limit (150/300) - 2018/04/06 23:16:14
Table '#18' Seat #4 is the button
Seat 1: Janay_Olive (17,660 in chips)
Seat 2: Sarai_Peach (9,465 in chips)
Seat 3: Hero (13,845 in chips)
Seat 4: Ayana_Arugula (11,160 in chips)
Seat 5: Timika_Rutabaga (9,565 in chips)
Seat 6: Young_Paprika (8,045 in chips)
Seat 7: Chuck_Jalapeño (10,000 in chips)
Seat 8: Alex_Apricots (21,093 in chips)
Seat 9: Dara_Melon (12,070 in chips)
Janay_Olive: posts the ante 30
Sarai_Peach: posts the ante 30
Hero: posts the ante 30
Ayana_Arugula: posts the ante 30
Timika_Rutabaga: posts the ante 30
Young_Paprika: posts the ante 30
Chuck_Jalapeño: posts the ante 30
Alex_Apricots: posts the ante 30
Dara_Melon: posts the ante 30
Timika_Rutabaga: posts small blind 150
Young_Paprika: posts big blind 300
*** HOLE CARDS ***
Dealt to Hero [Ah 4h]
Chuck_Jalapeño: folds
Alex_Apricots: folds
Dara_Melon: folds
Janay_Olive: folds
Sarai_Peach: raises 900 to 900
Hero: folds
Ayana_Arugula: folds
Timika_Rutabaga: folds
Young_Paprika: folds
Uncalled bet (600) returned to Sarai_Peach
Sarai_Peach: doesn't show hand
Sarai_Peach collected 1020 from pot
*** SUMMARY ***
Total pot 1020 | Rake 0
Seat 1: Janay_Olive mucked [7s 4d]
Seat 2: Sarai_Peach showed [9s Ac] and won (1020)
Seat 3: Hero mucked [Ah 4h]
Seat 4: Ayana_Arugula (button) mucked [Ad 7c]
Seat 5: Timika_Rutabaga (small blind) mucked [2s 5c]
Seat 6: Young_Paprika (big blind) mucked [5h Qc]
Seat 7: Chuck_Jalapeño mucked [Qs 8d]
Seat 8: Alex_Apricots mucked [Tc 8c]
Seat 9: Dara_Melon mucked [Td 9d]



PokerStars Hand #3661308142: Tournament #21391319, $20+$2 - Hold'em No Limit (150/300) - 2018/04/06 23:17:17
Table '#18' Seat #5 is the button
Seat 1: Nelda_Papaya (17,630 in chips)
Seat 2: Dorine_Ginger (10,155 in chips)
Seat 3: Hero (13,815 in chips)
Seat 4: Joan_Fennel (11,130 in chips)
Seat 5: Jamal_Bananas (9,385 in chips)
Seat 6: Lyman_Plum (7,715 in chips)
Seat 7: Shante_Tabasco (9,970 in chips)
Seat 8: Adam_Kale (21,063 in chips)
Seat 9: Libby_Olive (12,040 in chips)
Nelda_Papaya: posts the ante 30
Dorine_Ginger: posts the ante 30
Hero: posts the ante 30
Joan_Fennel: posts the ante 30
Jamal_Bananas: posts the ante 30
Lyman_Plum: posts the ante 30
Shante_Tabasco: posts the ante 30
Adam_Kale: posts the ante 30
Libby_Olive: posts the ante 30
Lyman_Plum: posts small blind 150
Shante_Tabasco: posts big blind 300
*** HOLE CARDS ***
Dealt to Hero [Kh 8s]
Adam_Kale: folds
Libby_Olive: folds
Nelda_Papaya: folds
Dorine_Ginger: folds
Hero: folds
Joan_Fennel: raises 1320 to 1320
Jamal_Bananas: folds
Lyman_Plum: folds
Shante_Tabasco: folds
Uncalled bet (1020) returned to Joan_Fennel
Joan_Fennel: doesn't show hand
Joan_Fennel collected 1020 from pot
*** SUMMARY ***
Total pot 1020 | Rake 0
Seat 1: Nelda_Papaya mucked [Qs 8c]
Seat 2: Dorine_Ginger mucked [6h 2d]
Seat 3: Hero mucked [Kh 8s]
Seat 4: Joan_Fennel showed [Td Th] and won (1020)
Seat 5: Jamal_Bananas (button) mucked [3d 4s]
Seat 6: Lyman_Plum (small blind) mucked [5d 5c]
Seat 7: Shante_Tabasco (big blind) mucked [Jh 5s]
Seat 8: Adam_Kale mucked [9h 6s]
Seat 9: Libby_Olive mucked [6c Jc]



PokerStars Hand #3661308758: Tournament #21391319, $20+$2 - Hold'em No Limit (150/300) - 2018/04/06 23:18:11
Table '#18' Seat #6 is the button
Seat 1: Brenna_Raisins (17,600 in chips)
Seat 2: Morgan_Mango (10,125 in chips)
Seat 3: Hero (13,785 in chips)
Seat 4: Deena_Potatos (11,820 in chips)
Seat 5: Alva_Okra (9,355 in chips)
Seat 6: Aletha_Quinoa (7,535 in chips)
Seat 7: Chuck_Bilberry (9,640 in chips)
Seat 8: Dottie_Jalapeño (21,033 in chips)
Seat 9: Rudolf_Parsley (12,010 in chips)
Brenna_Raisins: posts the ante 30
Morgan_Mango: posts the ante 30
Hero: posts the ante 30
Deena_Potatos: posts the ante 30
Alva_Okra: posts the ante 30
Aletha_Quinoa: posts the ante 30
Chuck_Bilberry: posts the ante 30
Dottie_Jalapeño: posts the ante 30
Rudolf_Parsley: posts the ante 30
Chuck_Bilberry: posts small blind 150
Dottie_Jalapeño: posts big blind 300
*** HOLE CARDS ***
Dealt to Hero [Js Jd]
Rudolf_Parsley: folds
Brenna_Raisins: folds
Morgan_Mango: folds
Hero: raises 700 to 700
Deena_Potatos: folds
Alva_Okra: calls 700 
Aletha_Quinoa: calls 700 
Chuck_Bilberry: folds
Dottie_Jalapeño: folds
*** FLOP *** [Ac Qh 6d]
Hero: bets 999 
Alva_Okra: folds
Aletha_Quinoa: calls 999 
*** TURN *** [Ac Qh 6d] [Jh]
Hero: bets 2000 
Aletha_Quinoa: raises 5806 to 5806 and is all-in
Hero: calls 3806 
*** RIVER *** [Ac Qh 6d Jh] [6h]
*** SHOW DOWN ***
Hero: shows [Js Jd] (a full house, Jacks full of Sixes)
Aletha_Quinoa: shows [Qd Ah] (two pair, Aces and Queens)
Hero collected 16430 from pot
Aletha_Quinoa finished the tournament in 149th place
*** SUMMARY ***
Total pot 16430 | Rake 0
Board [Ac Qh 6d Jh 6h]
Seat 1: Brenna_Raisins mucked [Th 7h]
Seat 2: Morgan_Mango mucked [Ks 2s]
Seat 3: Hero showed [Js Jd] and won (16430) with a full house, Jacks full of Sixes
Seat 4: Deena_Potatos mucked [4c 8h]
Seat 5: Alva_Okra mucked [3s 4s]
Seat 6: Aletha_Quinoa (button) showed [Qd Ah] and lost with two pair, Aces and Queens
Seat 7: Chuck_Bilberry (small blind) mucked [4h Qs]
Seat 8: Dottie_Jalapeño (big blind) mucked [6c Kh]
Seat 9: Rudolf_Parsley mucked [8d 7s]



PokerStars Hand #3661309899: Tournament #21391319, $20+$2 - Hold'em No Limit (150/300) - 2018/04/06 23:19:50
Table '#18' Seat #6 is the button
Seat 1: Lillie_Paprika (17,570 in chips)
Seat 2: Fumiko_Okra (10,095 in chips)
Seat 3: Hero (22,680 in chips)
Seat 4: Oliva_Chili (11,790 in chips)
Seat 5: Farah_Ugli (8,625 in chips)
Seat 6: Nilsa_Salak (9,460 in chips)
Seat 7: Sixta_Olive (20,703 in chips)
Seat 8: Yoko_Tabasco (11,980 in chips)
Lillie_Paprika: posts the ante 30
Fumiko_Okra: posts the ante 30
Hero: posts the ante 30
Oliva_Chili: posts the ante 30
Farah_Ugli: posts the ante 30
Nilsa_Salak: posts the ante 30
Sixta_Olive: posts the ante 30
Yoko_Tabasco: posts the ante 30
Sixta_Olive: posts small blind 150
Yoko_Tabasco: posts big blind 300
*** HOLE CARDS ***
Dealt to Hero [5c 9h]
Lillie_Paprika: folds
Fumiko_Okra: folds
Hero: folds
Oliva_Chili: folds
Farah_Ugli: folds
Nilsa_Salak: raises 1200 to 1200
Sixta_Olive: raises 20523 to 20673 and is all-in
Yoko_Tabasco: folds
Nilsa_Salak: calls 8230 and is all-in
*** FLOP *** [Kc 2d Ks]
*** TURN *** [Kc 2d Ks] [8c]
*** RIVER *** [Kc 2d Ks 8c] [4c]
*** SHOW DOWN ***
Nilsa_Salak: shows [Qd Jc] (a pair of Kings)
Sixta_Olive: shows [9d Kd] (three of a kind, Kings)
Uncalled bet (11243) returned to Sixta_Olive
Sixta_Olive collected 19400 from pot
Nilsa_Salak finished the tournament in 148th place
*** SUMMARY ***
Total pot 19400 | Rake 0
Board [Kc 2d Ks 8c 4c]
Seat 1: Lillie_Paprika mucked [9c As]
Seat 2: Fumiko_Okra mucked [2c 8d]
Seat 3: Hero mucked [5c 9h]
Seat 4: Oliva_Chili mucked [7s 6d]
Seat 5: Farah_Ugli mucked [Jd 5h]
Seat 6: Nilsa_Salak (button) showed [Qd Jc] and lost with a pair of Kings
Seat 7: Sixta_Olive (small blind) showed [9d Kd] and won (19400) with three of a kind, Kings
Seat 8: Yoko_Tabasco (big blind) mucked [Jh Td]



PokerStars Hand #3661310670: Tournament #21391319, $20+$2 - Hold'em No Limit (150/300) - 2018/04/06 23:20:56
Table '#18' Seat #6 is the button
Seat 1: Cammie_Daikon (17,540 in chips)
Seat 2: Devon_Bok Choy (10,065 in chips)
Seat 3: Hero (22,650 in chips)
Seat 4: Carley_Zuchinis (11,760 in chips)
Seat 5: Austin_Habanero (8,595 in chips)
Seat 6: Leonor_Honeydew (30,643 in chips)
Seat 7: Irving_Paprika (11,650 in chips)
Cammie_Daikon: posts the ante 30
Devon_Bok Choy: posts the ante 30
Hero: posts the ante 30
Carley_Zuchinis: posts the ante 30
Austin_Habanero: posts the ante 30
Leonor_Honeydew: posts the ante 30
Irving_Paprika: posts the ante 30
Irving_Paprika: posts small blind 150
Cammie_Daikon: posts big blind 300
*** HOLE CARDS ***
Dealt to Hero [3c 2h]
Devon_Bok Choy: folds
Hero: folds
Carley_Zuchinis: folds
Austin_Habanero: folds
Leonor_Honeydew: folds
Irving_Paprika: raises 750 to 900
Cammie_Daikon: folds
Uncalled bet (600) returned to Irving_Paprika
Irving_Paprika: doesn't show hand
Irving_Paprika collected 810 from pot
*** SUMMARY ***
Total pot 810 | Rake 0
Seat 1: Cammie_Daikon (big blind) mucked [4c 2c]
Seat 2: Devon_Bok Choy mucked [4d 4h]
Seat 3: Hero mucked [3c 2h]
Seat 4: Carley_Zuchinis mucked [6d Jh]
Seat 5: Austin_Habanero mucked [8c Qd]
Seat 6: Leonor_Honeydew (button) mucked [2d 9c]
Seat 7: Irving_Paprika (small blind) showed [Tc Td] and won (810)



PokerStars Hand #3661311473: Tournament #21391319, $20+$2 - Hold'em No Limit (200/400) - 2018/04/06 23:22:08
Table '#18' Seat #8 is the button
Seat 1: Tommy_Skirret (17,210 in chips)
Seat 2: Owen_Jujube (10,035 in chips)
Seat 3: Hero (22,620 in chips)
Seat 4: Allena_Jujube (11,730 in chips)
Seat 5: Marx_Bok Choy (8,565 in chips)
Seat 6: Tawny_Sprouts (10,000 in chips)
Seat 7: Dannie_Bananas (30,613 in chips)
Seat 8: Leon_Sprouts (12,130 in chips)
Tommy_Skirret: posts the ante 40
Owen_Jujube: posts the ante 40
Hero: posts the ante 40
Allena_Jujube: posts the ante 40
Marx_Bok Choy: posts the ante 40
Tawny_Sprouts: posts the ante 40
Dannie_Bananas: posts the ante 40
Leon_Sprouts: posts the ante 40
Tommy_Skirret: posts small blind 200
Owen_Jujube: posts big blind 400
*** HOLE CARDS ***
Dealt to Hero [2d 5c]
Hero: folds
Allena_Jujube: folds
Marx_Bok Choy: folds
Tawny_Sprouts: folds
Dannie_Bananas: raises 800 to 800
Leon_Sprouts: folds
Tommy_Skirret: folds
Owen_Jujube: folds
Uncalled bet (400) returned to Dannie_Bananas
Dannie_Bananas: doesn't show hand
Dannie_Bananas collected 1320 from pot
*** SUMMARY ***
Total pot 1320 | Rake 0
Seat 1: Tommy_Skirret (small blind) mucked [Qc 7h]
Seat 2: Owen_Jujube (big blind) mucked [6c 2c]
Seat 3: Hero mucked [2d 5c]
Seat 4: Allena_Jujube mucked [8h Qd]
Seat 5: Marx_Bok Choy mucked [Ks 6h]
Seat 6: Tawny_Sprouts mucked [3h 9c]
Seat 7: Dannie_Bananas showed [5h 5s] and won (1320)
Seat 8: Leon_Sprouts (button) mucked [Kd Td]



PokerStars Hand #3661311997: Tournament #21391319, $20+$2 - Hold'em No Limit (200/400) - 2018/04/06 23:22:59
Table '#18' Seat #1 is the button
Seat 1: Tawana_Apples (16,970 in chips)
Seat 2: Vanna_Nettles (9,595 in chips)
Seat 3: Hero (22,580 in chips)
Seat 4: Bennie_Ugli (11,690 in chips)
Seat 5: Vikki_Guava (8,525 in chips)
Seat 6: Sigrid_Fennel (9,960 in chips)
Seat 7: Jimmy_Sprouts (10,000 in chips)
Seat 8: Connie_Lychee (31,493 in chips)
Seat 9: Cindy_Olive (12,090 in chips)
Tawana_Apples: posts the ante 40
Vanna_Nettles: posts the ante 40
Hero: posts the ante 40
Bennie_Ugli: posts the ante 40
Vikki_Guava: posts the ante 40
Sigrid_Fennel: posts the ante 40
Jimmy_Sprouts: posts the ante 40
Connie_Lychee: posts the ante 40
Cindy_Olive: posts the ante 40
Vanna_Nettles: posts small blind 200
Hero: posts big blind 400
*** HOLE CARDS ***
Dealt to Hero [2d 5d]
Bennie_Ugli: folds
Vikki_Guava: calls 400 
Sigrid_Fennel: folds
Jimmy_Sprouts: raises 2800 to 2800
Connie_Lychee: folds
Cindy_Olive: folds
Tawana_Apples: folds
Vanna_Nettles: folds
Hero: folds
Vikki_Guava: folds
*** SHOW DOWN ***
Jimmy_Sprouts: shows [Ac Kc] (high card Ace)
Uncalled bet (2400) returned to Jimmy_Sprouts
Jimmy_Sprouts collected 1760 from pot
*** SUMMARY ***
Total pot 1760 | Rake 0
Seat 1: Tawana_Apples (button) mucked [7d Ah]
Seat 2: Vanna_Nettles (small blind) mucked [5c 2s]
Seat 3: Hero (big blind) mucked [2d 5d]
Seat 4: Bennie_Ugli mucked [Jd 8s]
Seat 5: Vikki_Guava mucked [8c 6c]
Seat 6: Sigrid_Fennel mucked [2h 9d]
Seat 7: Jimmy_Sprouts showed [Ac Kc] and won (1760) with high card Ace
Seat 8: Connie_Lychee mucked [5h 3s]
Seat 9: Cindy_Olive mucked [Qc 4h]



PokerStars Hand #3661312735: Tournament #21391319, $20+$2 - Hold'em No Limit (200/400) - 2018/04/06 23:24:05
Table '#18' Seat #2 is the button
Seat 1: Alyson_Prunes (16,930 in chips)
Seat 2: Yoshie_Jicama (9,355 in chips)
Seat 3: Hero (22,140 in chips)
Seat 4: Berry_Marjoram (11,650 in chips)
Seat 5: Lyn_Onions (8,085 in chips)
Seat 6: Rosina_Cherry (9,920 in chips)
Seat 7: Erna_Pinto (11,320 in chips)
Seat 8: Mariel_Nettles (31,453 in chips)
Seat 9: Delmy_Chives (12,050 in chips)
Alyson_Prunes: posts the ante 40
Yoshie_Jicama: posts the ante 40
Hero: posts the ante 40
Berry_Marjoram: posts the ante 40
Lyn_Onions: posts the ante 40
Rosina_Cherry: posts the ante 40
Erna_Pinto: posts the ante 40
Mariel_Nettles: posts the ante 40
Delmy_Chives: posts the ante 40
Hero: posts small blind 200
Berry_Marjoram: posts big blind 400
*** HOLE CARDS ***
Dealt to Hero [8c Kh]
Lyn_Onions: calls 400 
Rosina_Cherry: calls 400 
Erna_Pinto: folds
Mariel_Nettles: raises 1600 to 1600
Delmy_Chives: folds
Alyson_Prunes: folds
Yoshie_Jicama: folds
Hero: folds
Berry_Marjoram: folds
Lyn_Onions: calls 1200 
Rosina_Cherry: calls 1200 
*** FLOP *** [As 4d 3h]
Lyn_Onions: checks
Rosina_Cherry: checks
Mariel_Nettles: bets 1961 
Lyn_Onions: calls 1961 
Rosina_Cherry: calls 1961 
*** TURN *** [As 4d 3h] [6c]
Lyn_Onions: checks
Rosina_Cherry: bets 400 
Mariel_Nettles: folds
Lyn_Onions: raises 2400 to 2400
Rosina_Cherry: calls 2000 
*** RIVER *** [As 4d 3h 6c] [9h]
Lyn_Onions: bets 2084 and is all-in
Rosina_Cherry: folds
Uncalled bet (2084) returned to Lyn_Onions
Lyn_Onions: doesn't show hand
Lyn_Onions collected 16443 from pot
*** SUMMARY ***
Total pot 16443 | Rake 0
Board [As 4d 3h 6c 9h]
Seat 1: Alyson_Prunes mucked [7s Qd]
Seat 2: Yoshie_Jicama (button) mucked [5s 2d]
Seat 3: Hero (small blind) mucked [8c Kh]
Seat 4: Berry_Marjoram (big blind) mucked [3c Kc]
Seat 5: Lyn_Onions showed [6d 6s] and won (16443)
Seat 6: Rosina_Cherry mucked [Qh 5h]
Seat 7: Erna_Pinto mucked [6h 7c]
Seat 8: Mariel_Nettles mucked [Kd Jd]
Seat 9: Delmy_Chives mucked [Qc 7h]



PokerStars Hand #3661314035: Tournament #21391319, $20+$2 - Hold'em No Limit (200/400) - 2018/04/06 23:26:02
Table '#18' Seat #3 is the button
Seat 1: Chu_Tabasco (16,890 in chips)
Seat 2: Davis_Lemon (9,315 in chips)
Seat 3: Hero (21,900 in chips)
Seat 4: Vennie_Onions (11,210 in chips)
Seat 5: Victor_Lentils (18,527 in chips)
Seat 6: Sheryl_Squash (3,919 in chips)
Seat 7: Drew_Jujube (11,280 in chips)
Seat 8: Elissa_Yams (27,852 in chips)
Seat 9: Corey_Rambutan (12,010 in chips)
Chu_Tabasco: posts the ante 40
Davis_Lemon: posts the ante 40
Hero: posts the ante 40
Vennie_Onions: posts the ante 40
Victor_Lentils: posts the ante 40
Sheryl_Squash: posts the ante 40
Drew_Jujube: posts the ante 40
Elissa_Yams: posts the ante 40
Corey_Rambutan: posts the ante 40
Vennie_Onions: posts small blind 200
Victor_Lentils: posts big blind 400
*** HOLE CARDS ***
Dealt to Hero [3d As]
Sheryl_Squash: folds
Drew_Jujube: calls 400 
Elissa_Yams: folds
Corey_Rambutan: folds
Chu_Tabasco: folds
Davis_Lemon: folds
Hero: folds
Vennie_Onions: calls 200 
Victor_Lentils: checks
*** FLOP *** [4h 4s Qc]
Vennie_Onions: checks
Victor_Lentils: checks
Drew_Jujube: bets 1560 
Vennie_Onions: folds
Victor_Lentils: folds
Uncalled bet (1560) returned to Drew_Jujube
Drew_Jujube: doesn't show hand
Drew_Jujube collected 1560 from pot
*** SUMMARY ***
Total pot 1560 | Rake 0
Board [4h 4s Qc]
Seat 1: Chu_Tabasco mucked [8h 3h]
Seat 2: Davis_Lemon mucked [Ah 7s]
Seat 3: Hero (button) mucked [3d As]
Seat 4: Vennie_Onions (small blind) mucked [Ks 5d]
Seat 5: Victor_Lentils (big blind) mucked [Th 2h]
Seat 6: Sheryl_Squash mucked [4c Jd]
Seat 7: Drew_Jujube showed [Tc Qs] and won (1560)
Seat 8: Elissa_Yams mucked [5s Ad]
Seat 9: Corey_Rambutan mucked [3c Kd]



PokerStars Hand #3661315176: Tournament #21391319, $20+$2 - Hold'em No Limit (200/400) - 2018/04/06 23:27:44
Table '#18' Seat #3 is the button
Seat 1: Meg_Marjoram (16,850 in chips)
Seat 2: Hero (21,860 in chips)
Seat 3: Louisa_Thyme (10,770 in chips)
Seat 4: Amiee_Yuzu (18,087 in chips)
Seat 5: Wade_Quince (3,879 in chips)
Seat 6: Paul_Papaya (12,400 in chips)
Seat 7: Carlyn_Cabbage (27,812 in chips)
Seat 8: Alexis_Lentils (11,970 in chips)
Meg_Marjoram: posts the ante 40
Hero: posts the ante 40
Louisa_Thyme: posts the ante 40
Amiee_Yuzu: posts the ante 40
Wade_Quince: posts the ante 40
Paul_Papaya: posts the ante 40
Carlyn_Cabbage: posts the ante 40
Alexis_Lentils: posts the ante 40
Amiee_Yuzu: posts small blind 200
Wade_Quince: posts big blind 400
*** HOLE CARDS ***
Dealt to Hero [Ad Tc]
Paul_Papaya: folds
Carlyn_Cabbage: folds
Alexis_Lentils: folds
Meg_Marjoram: calls 400 
Hero: calls 400 
Louisa_Thyme: calls 400 
Amiee_Yuzu: folds
Wade_Quince: raises 3439 to 3839 and is all-in
Meg_Marjoram: calls 3439 
Hero: folds
Louisa_Thyme: folds
*** FLOP *** [6s Td Qs]
*** TURN *** [6s Td Qs] [8d]
*** RIVER *** [6s Td Qs 8d] [6d]
*** SHOW DOWN ***
Meg_Marjoram: shows [9c 9d] (two pair, Nines and Sixes)
Wade_Quince: shows [6c Ah] (three of a kind, Sixes)
Wade_Quince collected 8998 from pot
*** SUMMARY ***
Total pot 8998 | Rake 0
Board [6s Td Qs 8d 6d]
Seat 1: Meg_Marjoram showed [9c 9d] and lost with two pair, Nines and Sixes
Seat 2: Hero mucked [Ad Tc]
Seat 3: Louisa_Thyme (button) mucked [Qh Kc]
Seat 4: Amiee_Yuzu (small blind) mucked [Th 2d]
Seat 5: Wade_Quince (big blind) showed [6c Ah] and won (8998) with three of a kind, Sixes
Seat 6: Paul_Papaya mucked [2h 3s]
Seat 7: Carlyn_Cabbage mucked [8s 9s]
Seat 8: Alexis_Lentils mucked [4s Qd]



PokerStars Hand #3661316172: Tournament #21391319, $20+$2 - Hold'em No Limit (200/400) - 2018/04/06 23:29:17
Table '#18' Seat #5 is the button
Seat 1: Edda_Guava (12,971 in chips)
Seat 2: Lucina_Lavender (10,000 in chips)
Seat 3: Hero (21,420 in chips)
Seat 4: Maple_Pomelo (10,330 in chips)
Seat 5: Hung_Onions (17,847 in chips)
Seat 6: Tyrell_Olive (8,998 in chips)
Seat 7: Roni_Lettuce (12,360 in chips)
Seat 8: Joann_Beets (27,772 in chips)
Seat 9: Ellena_Cherry (11,930 in chips)
Edda_Guava: posts the ante 40
Lucina_Lavender: posts the ante 40
Hero: posts the ante 40
Maple_Pomelo: posts the ante 40
Hung_Onions: posts the ante 40
Tyrell_Olive: posts the ante 40
Roni_Lettuce: posts the ante 40
Joann_Beets: posts the ante 40
Ellena_Cherry: posts the ante 40
Tyrell_Olive: posts small blind 200
Roni_Lettuce: posts big blind 400
*** HOLE CARDS ***
Dealt to Hero [Ks Ah]
Joann_Beets: folds
Ellena_Cherry: folds
Edda_Guava: folds
Lucina_Lavender: folds
Hero: raises 999 to 999
Maple_Pomelo: folds
Hung_Onions: calls 999 
Tyrell_Olive: calls 799 
Roni_Lettuce: calls 599 
*** FLOP *** [Th Qd Kh]
Tyrell_Olive: checks
Roni_Lettuce: checks
Hero: checks
Hung_Onions: checks
*** TURN *** [Th Qd Kh] [8s]
Tyrell_Olive: bets 400 
Roni_Lettuce: raises 1600 to 1600
Hero: calls 1600 
Hung_Onions: folds
Tyrell_Olive: calls 1200 
*** RIVER *** [Th Qd Kh 8s] [Kc]
Tyrell_Olive: checks
Roni_Lettuce: bets 9156 
Hero: calls 9156 
Tyrell_Olive: folds
*** SHOW DOWN ***
Roni_Lettuce: shows [Jh 9c] (a straight, Nine to King)
Hero: Mucks [Ks Ah] (Three of a kind)
Roni_Lettuce collected 27468 from pot
*** SUMMARY ***
Total pot 27468 | Rake 0
Board [Th Qd Kh 8s Kc]
Seat 1: Edda_Guava mucked [3c As]
Seat 2: Lucina_Lavender mucked [7s 4h]
Seat 3: Hero mucked [Ks Ah]
Seat 4: Maple_Pomelo mucked [6h Ac]
Seat 5: Hung_Onions (button) mucked [5c 4c]
Seat 6: Tyrell_Olive (small blind) mucked [3s Ts]
Seat 7: Roni_Lettuce (big blind) showed [Jh 9c] and won (27468) with a straight, Nine to King
Seat 8: Joann_Beets mucked [2c 5s]
Seat 9: Ellena_Cherry mucked [Js 9h]



PokerStars Hand #3661317943: Tournament #21391319, $20+$2 - Hold'em No Limit (250/500) - 2018/04/06 23:31:56
Table '#18' Seat #6 is the button
Seat 1: Kathie_Quince (12,931 in chips)
Seat 2: Tasha_Sage (9,960 in chips)
Seat 3: Hero (9,625 in chips)
Seat 4: Lyla_Juniper (10,290 in chips)
Seat 5: Janey_Pinto (16,808 in chips)
Seat 6: Echo_Spinach (6,359 in chips)
Seat 7: Audie_Chili (28,033 in chips)
Seat 8: Sonia_Avocados (27,732 in chips)
Seat 9: Elton_Lemon (11,890 in chips)
Kathie_Quince: posts the ante 50
Tasha_Sage: posts the ante 50
Hero: posts the ante 50
Lyla_Juniper: posts the ante 50
Janey_Pinto: posts the ante 50
Echo_Spinach: posts the ante 50
Audie_Chili: posts the ante 50
Sonia_Avocados: posts the ante 50
Elton_Lemon: posts the ante 50
Audie_Chili: posts small blind 250
Sonia_Avocados: posts big blind 500
*** HOLE CARDS ***
Dealt to Hero [Ad Ac]
Elton_Lemon: folds
Kathie_Quince: folds
Tasha_Sage: folds
Hero: raises 1222 to 1222
Lyla_Juniper: folds
Janey_Pinto: folds
Echo_Spinach: calls 1222 
Audie_Chili: calls 972 
Sonia_Avocados: folds
*** FLOP *** [4d 2d 6s]
Audie_Chili: checks
Hero: bets 2333 
Echo_Spinach: folds
Audie_Chili: folds
Uncalled bet (2333) returned to Hero
Hero: doesn't show hand
Hero collected 4616 from pot
*** SUMMARY ***
Total pot 4616 | Rake 0
Board [4d 2d 6s]
Seat 1: Kathie_Quince mucked [Qs 2c]
Seat 2: Tasha_Sage mucked [7c 5d]
Seat 3: Hero showed [Ad Ac] and won (4616)
Seat 4: Lyla_Juniper mucked [3h 7s]
Seat 5: Janey_Pinto mucked [3c Jh]
Seat 6: Echo_Spinach (button) mucked [8s Qd]
Seat 7: Audie_Chili (small blind) mucked [As Tc]
Seat 8: Sonia_Avocados (big blind) mucked [3s 9d]
Seat 9: Elton_Lemon mucked [4c Js]



PokerStars Hand #3661319421: Tournament #21391319, $20+$2 - Hold'em No Limit (250/500) - 2018/04/06 23:34:08
Table '#18' Seat #7 is the button
Seat 1: Nila_Rhubarb (12,881 in chips)
Seat 2: Marian_Olive (9,910 in chips)
Seat 3: Hero (12,969 in chips)
Seat 4: Petra_Lentils (10,240 in chips)
Seat 5: Onie_Garlic (16,758 in chips)
Seat 6: Betsy_Rutabaga (5,087 in chips)
Seat 7: Cindy_Carrots (26,761 in chips)
Seat 8: Deb_Sage (27,182 in chips)
Seat 9: Nell_Soy (11,840 in chips)
Nila_Rhubarb: posts the ante 50
Marian_Olive: posts the ante 50
Hero: posts the ante 50
Petra_Lentils: posts the ante 50
Onie_Garlic: posts the ante 50
Betsy_Rutabaga: posts the ante 50
Cindy_Carrots: posts the ante 50
Deb_Sage: posts the ante 50
Nell_Soy: posts the ante 50
Deb_Sage: posts small blind 250
Nell_Soy: posts big blind 500
*** HOLE CARDS ***
Dealt to Hero [Ad Ts]
Nila_Rhubarb: calls 500 
Marian_Olive: folds
Hero: folds
Petra_Lentils: folds
Onie_Garlic: folds
Betsy_Rutabaga: raises 1000 to 1000
Cindy_Carrots: folds
Deb_Sage: folds
Nell_Soy: raises 2500 to 3000
Nila_Rhubarb: folds
Betsy_Rutabaga: calls 2000 
*** FLOP *** [4d Th Kd]
Nell_Soy: bets 7200 
Betsy_Rutabaga: bets 2037 and is all-in
*** TURN *** [4d Th Kd] [3s]
*** RIVER *** [4d Th Kd 3s] [7d]
*** SHOW DOWN ***
Betsy_Rutabaga: shows [Ks Qs] (a pair of Kings)
Nell_Soy: shows [3d 3c] (three of a kind, Threes)
Uncalled bet (5163) returned to Nell_Soy
Nell_Soy collected 11274 from pot
Betsy_Rutabaga finished the tournament in 157th place
*** SUMMARY ***
Total pot 11274 | Rake 0
Board [4d Th Kd 3s 7d]
Seat 1: Nila_Rhubarb mucked [Kc 2c]
Seat 2: Marian_Olive mucked [Tc 4h]
Seat 3: Hero mucked [Ad Ts]
Seat 4: Petra_Lentils mucked [6s 7c]
Seat 5: Onie_Garlic mucked [Js 4c]
Seat 6: Betsy_Rutabaga showed [Ks Qs] and lost with a pair of Kings
Seat 7: Cindy_Carrots (button) mucked [Qc 9h]
Seat 8: Deb_Sage (small blind) mucked [6h 5h]
Seat 9: Nell_Soy (big blind) showed [3d 3c] and won (11274) with three of a kind, Threes



PokerStars Hand #3661320640: Tournament #21391319, $20+$2 - Hold'em No Limit (250/500) - 2018/04/06 23:36:02
Table '#18' Seat #7 is the button
Seat 1: Noble_Figs (12,331 in chips)
Seat 2: Loreta_Paprika (9,860 in chips)
Seat 3: Hero (12,919 in chips)
Seat 4: Evelin_Radish (10,190 in chips)
Seat 5: Reena_Raisins (16,708 in chips)
Seat 6: Rick_Skirret (26,711 in chips)
Seat 7: Alia_Guava (26,882 in chips)
Seat 8: Euna_Peppers (18,027 in chips)
Noble_Figs: posts the ante 50
Loreta_Paprika: posts the ante 50
Hero: posts the ante 50
Evelin_Radish: posts the ante 50
Reena_Raisins: posts the ante 50
Rick_Skirret: posts the ante 50
Alia_Guava: posts the ante 50
Euna_Peppers: posts the ante 50
Euna_Peppers: posts small blind 250
Noble_Figs: posts big blind 500
*** HOLE CARDS ***
Dealt to Hero [3d 6d]
Loreta_Paprika: folds
Hero: folds
Evelin_Radish: folds
Reena_Raisins: calls 500 
Rick_Skirret: folds
Alia_Guava: folds
Euna_Peppers: folds
Noble_Figs: checks
*** FLOP *** [Js 8s 8c]
Noble_Figs: checks
Reena_Raisins: checks
*** TURN *** [Js 8s 8c] [Th]
Noble_Figs: checks
Reena_Raisins: bets 1351 
Noble_Figs: folds
Uncalled bet (1351) returned to Reena_Raisins
Reena_Raisins: doesn't show hand
Reena_Raisins collected 1650 from pot
*** SUMMARY ***
Total pot 1650 | Rake 0
Board [Js 8s 8c Th]
Seat 1: Noble_Figs (big blind) mucked [Kd 2s]
Seat 2: Loreta_Paprika mucked [Qs 5c]
Seat 3: Hero mucked [3d 6d]
Seat 4: Evelin_Radish mucked [Td 2c]
Seat 5: Reena_Raisins showed [8d Ad] and won (1650)
Seat 6: Rick_Skirret mucked [9c 7d]
Seat 7: Alia_Guava (button) mucked [Tc 3c]
Seat 8: Euna_Peppers (small blind) mucked [3h 9d]



PokerStars Hand #3661321808: Tournament #21391319, $20+$2 - Hold'em No Limit (250/500) - 2018/04/06 23:37:50
Table '#18' Seat #8 is the button
Seat 1: Lenny_Olive (11,781 in chips)
Seat 2: Neely_Tubers (9,810 in chips)
Seat 3: Hero (12,869 in chips)
Seat 4: Norma_Turnips (10,140 in chips)
Seat 5: Bobbye_Fennel (17,808 in chips)
Seat 6: Mirta_Papaya (26,661 in chips)
Seat 7: Rosana_Rosemary (26,832 in chips)
Seat 8: Edmond_Marjoram (17,727 in chips)
Lenny_Olive: posts the ante 50
Neely_Tubers: posts the ante 50
Hero: posts the ante 50
Norma_Turnips: posts the ante 50
Bobbye_Fennel: posts the ante 50
Mirta_Papaya: posts the ante 50
Rosana_Rosemary: posts the ante 50
Edmond_Marjoram: posts the ante 50
Lenny_Olive: posts small blind 250
Neely_Tubers: posts big blind 500
*** HOLE CARDS ***
Dealt to Hero [4h 6s]
Hero: folds
Norma_Turnips: folds
Bobbye_Fennel: folds
Mirta_Papaya: calls 500 
Rosana_Rosemary: raises 2650 to 2650
Edmond_Marjoram: folds
Lenny_Olive: calls 2400 
Neely_Tubers: folds
Mirta_Papaya: folds
*** FLOP *** [7s 4c 8s]
Lenny_Olive: bets 1200 
Rosana_Rosemary: raises 10780 to 10780
Lenny_Olive: calls 7881 and is all-in
*** TURN *** [7s 4c 8s] [Qd]
*** RIVER *** [7s 4c 8s Qd] [2d]
*** SHOW DOWN ***
Lenny_Olive: shows [Ks Js] (high card King)
Rosana_Rosemary: shows [8h Ah] (a pair of Eights)
Uncalled bet (1699) returned to Rosana_Rosemary
Rosana_Rosemary collected 24862 from pot
Lenny_Olive finished the tournament in 155th place
*** SUMMARY ***
Total pot 24862 | Rake 0
Board [7s 4c 8s Qd 2d]
Seat 1: Lenny_Olive (small blind) showed [Ks Js] and lost with high card King
Seat 2: Neely_Tubers (big blind) mucked [7h Ac]
Seat 3: Hero mucked [4h 6s]
Seat 4: Norma_Turnips mucked [Th 2s]
Seat 5: Bobbye_Fennel mucked [Kd 3c]
Seat 6: Mirta_Papaya mucked [As 9d]
Seat 7: Rosana_Rosemary showed [8h Ah] and won (24862) with a pair of Eights
Seat 8: Edmond_Marjoram (button) mucked [Ts 5c]



PokerStars Hand #3661322864: Tournament #21391319, $20+$2 - Hold'em No Limit (250/500) - 2018/04/06 23:39:26
Table '#18' Seat #1 is the button
Seat 1: Jani_Basil (10,000 in chips)
Seat 2: Odelia_Melon (9,260 in chips)
Seat 3: Hero (12,819 in chips)
Seat 4: Addie_Chives (10,090 in chips)
Seat 5: Benita_Beets (17,758 in chips)
Seat 6: Malia_Kiwi (26,111 in chips)
Seat 7: Shin_Wasabi (39,913 in chips)
Seat 8: Verona_Bananas (17,677 in chips)
Jani_Basil: posts the ante 50
Odelia_Melon: posts the ante 50
Hero: posts the ante 50
Addie_Chives: posts the ante 50
Benita_Beets: posts the ante 50
Malia_Kiwi: posts the ante 50
Shin_Wasabi: posts the ante 50
Verona_Bananas: posts the ante 50
Odelia_Melon: posts small blind 250
Hero: posts big blind 500
*** HOLE CARDS ***
Dealt to Hero [Qh 6c]
Addie_Chives: folds
Benita_Beets: calls 500 
Malia_Kiwi: folds
Shin_Wasabi: folds
Verona_Bananas: folds
Jani_Basil: calls 500 
Odelia_Melon: raises 8960 to 9210 and is all-in
Hero: folds
Benita_Beets: folds
Jani_Basil: folds
Uncalled bet (8710) returned to Odelia_Melon
Odelia_Melon: doesn't show hand
Odelia_Melon collected 2400 from pot
*** SUMMARY ***
Total pot 2400 | Rake 0
Seat 1: Jani_Basil (button) mucked [3d 3c]
Seat 2: Odelia_Melon (small blind) showed [5h Kh] and won (2400)
Seat 3: Hero (big blind) mucked [Qh 6c]
Seat 4: Addie_Chives mucked [2d 6h]
Seat 5: Benita_Beets mucked [Qc Js]
Seat 6: Malia_Kiwi mucked [2s 5c]
Seat 7: Shin_Wasabi mucked [3h 9d]
Seat 8: Verona_Bananas mucked [3s 6d]



PokerStars Hand #3661323928: Tournament #21391319, $20+$2 - Hold'em No Limit (250/500) - 2018/04/06 23:41:05
Table '#18' Seat #2 is the button
Seat 1: Hwa_Jujube (9,450 in chips)
Seat 2: Audria_Radish (11,110 in chips)
Seat 3: Hero (12,269 in chips)
Seat 4: Tracee_Plum (10,040 in chips)
Seat 5: Cyril_Dates (17,208 in chips)
Seat 6: Chere_Guava (26,061 in chips)
Seat 7: Grisel_Figs (39,863 in chips)
Seat 8: Janita_Daikon (17,627 in chips)
Hwa_Jujube: posts the ante 50
Audria_Radish: posts the ante 50
Hero: posts the ante 50
Tracee_Plum: posts the ante 50
Cyril_Dates: posts the ante 50
Chere_Guava: posts the ante 50
Grisel_Figs: posts the ante 50
Janita_Daikon: posts the ante 50
Hero: posts small blind 250
Tracee_Plum: posts big blind 500
*** HOLE CARDS ***
Dealt to Hero [2s Qs]
Cyril_Dates: folds
Chere_Guava: folds
Grisel_Figs: folds
Janita_Daikon: folds
Hwa_Jujube: folds
Audria_Radish: bets 11060 and is all-in
Hero: folds
Tracee_Plum: folds
Uncalled bet (10560) returned to Audria_Radish
Audria_Radish: doesn't show hand
Audria_Radish collected 1650 from pot
*** SUMMARY ***
Total pot 1650 | Rake 0
Seat 1: Hwa_Jujube mucked [9h Kd]
Seat 2: Audria_Radish (button) showed [6d Ah] and won (1650)
Seat 3: Hero (small blind) mucked [2s Qs]
Seat 4: Tracee_Plum (big blind) mucked [7s 3h]
Seat 5: Cyril_Dates mucked [7c 8s]
Seat 6: Chere_Guava mucked [6c 9c]
Seat 7: Grisel_Figs mucked [Jh 8h]
Seat 8: Janita_Daikon mucked [5d 8d]



PokerStars Hand #3661324554: Tournament #21391319, $20+$2 - Hold'em No Limit (300/600) - 2018/04/06 23:42:02
Table '#18' Seat #3 is the button
Seat 1: Sanora_Peppers (9,400 in chips)
Seat 2: Jeramy_Yams (12,210 in chips)
Seat 3: Hero (11,969 in chips)
Seat 4: Dudley_Figs (9,490 in chips)
Seat 5: Adolph_Satsuma (17,158 in chips)
Seat 6: Jody_Rosemary (26,011 in chips)
Seat 7: Thi_Onions (39,813 in chips)
Seat 8: Gracie_Onions (17,577 in chips)
Sanora_Peppers: posts the ante 60
Jeramy_Yams: posts the ante 60
Hero: posts the ante 60
Dudley_Figs: posts the ante 60
Adolph_Satsuma: posts the ante 60
Jody_Rosemary: posts the ante 60
Thi_Onions: posts the ante 60
Gracie_Onions: posts the ante 60
Dudley_Figs: posts small blind 300
Adolph_Satsuma: posts big blind 600
*** HOLE CARDS ***
Dealt to Hero [Js 8h]
Jody_Rosemary: folds
Thi_Onions: folds
Gracie_Onions: folds
Sanora_Peppers: folds
Jeramy_Yams: folds
Hero: raises 1500 to 1500
Dudley_Figs: folds
Adolph_Satsuma: calls 900 
*** FLOP *** [7c Ac 2d]
Adolph_Satsuma: checks
Hero: bets 1900 
Adolph_Satsuma: raises 9480 to 9480
Hero: folds
Uncalled bet (7580) returned to Adolph_Satsuma
Adolph_Satsuma: doesn't show hand
Adolph_Satsuma collected 7580 from pot
*** SUMMARY ***
Total pot 7580 | Rake 0
Board [7c Ac 2d]
Seat 1: Sanora_Peppers mucked [Qs Th]
Seat 2: Jeramy_Yams mucked [8d 5h]
Seat 3: Hero (button) mucked [Js 8h]
Seat 4: Dudley_Figs (small blind) mucked [8c 3d]
Seat 5: Adolph_Satsuma (big blind) showed [6c Qc] and won (7580)
Seat 6: Jody_Rosemary mucked [4h 6s]
Seat 7: Thi_Onions mucked [Qd 2c]
Seat 8: Gracie_Onions mucked [6h Jh]



PokerStars Hand #3661325232: Tournament #21391319, $20+$2 - Hold'em No Limit (300/600) - 2018/04/06 23:43:05
Table '#18' Seat #4 is the button
Seat 1: Ashley_Pomelo (9,340 in chips)
Seat 2: Su_Tamarind (12,150 in chips)
Seat 3: Hero (8,509 in chips)
Seat 4: Debora_Apricots (9,130 in chips)
Seat 5: Evie_Olive (21,278 in chips)
Seat 6: Von_Prunes (25,951 in chips)
Seat 7: Chris_Papaya (39,753 in chips)
Seat 8: Andrea_Onions (17,517 in chips)
Ashley_Pomelo: posts the ante 60
Su_Tamarind: posts the ante 60
Hero: posts the ante 60
Debora_Apricots: posts the ante 60
Evie_Olive: posts the ante 60
Von_Prunes: posts the ante 60
Chris_Papaya: posts the ante 60
Andrea_Onions: posts the ante 60
Evie_Olive: posts small blind 300
Von_Prunes: posts big blind 600
*** HOLE CARDS ***
Dealt to Hero [2s Ah]
Chris_Papaya: folds
Andrea_Onions: folds
Ashley_Pomelo: folds
Su_Tamarind: folds
Hero: folds
Debora_Apricots: folds
Evie_Olive: folds
Von_Prunes: doesn't show hand
Uncalled bet (600) returned to Von_Prunes
Von_Prunes collected 780 from pot
*** SUMMARY ***
Total pot 780 | Rake 0
Seat 1: Ashley_Pomelo mucked [6c 2h]
Seat 2: Su_Tamarind mucked [Qh 5h]
Seat 3: Hero mucked [2s Ah]
Seat 4: Debora_Apricots (button) mucked [5d 8h]
Seat 5: Evie_Olive (small blind) mucked [5c 3d]
Seat 6: Von_Prunes (big blind) showed [4h 8d] and won (780)
Seat 7: Chris_Papaya mucked [Tc 7c]
Seat 8: Andrea_Onions mucked [Jh 7s]



PokerStars Hand #3661325977: Tournament #21391319, $20+$2 - Hold'em No Limit (300/600) - 2018/04/06 23:44:14
Table '#18' Seat #5 is the button
Seat 1: Elsa_Daikon (9,280 in chips)
Seat 2: Daysi_Plumcot (12,090 in chips)
Seat 3: Hero (8,449 in chips)
Seat 4: Edith_Jujube (9,070 in chips)
Seat 5: Leslie_Bilberry (20,918 in chips)
Seat 6: Rutha_Fennel (26,671 in chips)
Seat 7: Tomiko_Squash (39,693 in chips)
Seat 8: Cassie_Ugli (17,457 in chips)
Elsa_Daikon: posts the ante 60
Daysi_Plumcot: posts the ante 60
Hero: posts the ante 60
Edith_Jujube: posts the ante 60
Leslie_Bilberry: posts the ante 60
Rutha_Fennel: posts the ante 60
Tomiko_Squash: posts the ante 60
Cassie_Ugli: posts the ante 60
Rutha_Fennel: posts small blind 300
Tomiko_Squash: posts big blind 600
*** HOLE CARDS ***
Dealt to Hero [6s 9c]
Cassie_Ugli: folds
Elsa_Daikon: folds
Daysi_Plumcot: folds
Hero: folds
Edith_Jujube: raises 2580 to 2580
Leslie_Bilberry: folds
Rutha_Fennel: raises 10860 to 11160
Tomiko_Squash: folds
Edith_Jujube: calls 6430 and is all-in
*** FLOP *** [Qc 9s Jh]
*** TURN *** [Qc 9s Jh] [8h]
*** RIVER *** [Qc 9s Jh 8h] [7h]
*** SHOW DOWN ***
Edith_Jujube: shows [Jc Jd] (three of a kind, Jacks)
Rutha_Fennel: shows [Ts As] (a straight, Eight to Queen)
Uncalled bet (2150) returned to Rutha_Fennel
Rutha_Fennel collected 19100 from pot
Edith_Jujube finished the tournament in 148th place
*** SUMMARY ***
Total pot 19100 | Rake 0
Board [Qc 9s Jh 8h 7h]
Seat 1: Elsa_Daikon mucked [7d Tc]
Seat 2: Daysi_Plumcot mucked [Kh 4h]
Seat 3: Hero mucked [6s 9c]
Seat 4: Edith_Jujube showed [Jc Jd] and lost with three of a kind, Jacks
Seat 5: Leslie_Bilberry (button) mucked [3h Kc]
Seat 6: Rutha_Fennel (small blind) showed [Ts As] and won (19100) with a straight, Eight to Queen
Seat 7: Tomiko_Squash (big blind) mucked [Ac 9h]
Seat 8: Cassie_Ugli mucked [5c 8s]



PokerStars Hand #3661326713: Tournament #21391319, $20+$2 - Hold'em No Limit (300/600) - 2018/04/06 23:45:23
Table '#18' Seat #5 is the button
Seat 1: Tommie_Tomatoes (9,220 in chips)
Seat 2: Sanda_Olive (12,030 in chips)
Seat 3: Hero (8,389 in chips)
Seat 4: Sandee_Zuchinis (20,858 in chips)
Seat 5: Corrin_Cayenne (36,701 in chips)
Seat 6: Dorla_Parsley (39,033 in chips)
Seat 7: Mariel_Daikon (17,397 in chips)
Tommie_Tomatoes: posts the ante 60
Sanda_Olive: posts the ante 60
Hero: posts the ante 60
Sandee_Zuchinis: posts the ante 60
Corrin_Cayenne: posts the ante 60
Dorla_Parsley: posts the ante 60
Mariel_Daikon: posts the ante 60
Dorla_Parsley: posts small blind 300
Mariel_Daikon: posts big blind 600
*** HOLE CARDS ***
Dealt to Hero [9h 2c]
Tommie_Tomatoes: folds
Sanda_Olive: folds
Hero: folds
Sandee_Zuchinis: calls 600 
Corrin_Cayenne: folds
Dorla_Parsley: calls 300 
Mariel_Daikon: checks
*** FLOP *** [Ac 7c 3c]
Dorla_Parsley: checks
Mariel_Daikon: checks
Sandee_Zuchinis: checks
*** TURN *** [Ac 7c 3c] [Ah]
Dorla_Parsley: checks
Mariel_Daikon: checks
Sandee_Zuchinis: checks
*** RIVER *** [Ac 7c 3c Ah] [Jd]
Dorla_Parsley: checks
Mariel_Daikon: checks
Sandee_Zuchinis: checks
*** SHOW DOWN ***
Dorla_Parsley: shows [6s Ts] (a pair of Aces)
Mariel_Daikon: shows [3s 8c] (two pair, Aces and Threes)
Sandee_Zuchinis: Mucks [5h 6h] (One pair)
Mariel_Daikon collected 2220 from pot
*** SUMMARY ***
Total pot 2220 | Rake 0
Board [Ac 7c 3c Ah Jd]
Seat 1: Tommie_Tomatoes mucked [Kc 2s]
Seat 2: Sanda_Olive mucked [6d Qh]
Seat 3: Hero mucked [9h 2c]
Seat 4: Sandee_Zuchinis mucked [5h 6h]
Seat 5: Corrin_Cayenne (button) mucked [5d Qs]
Seat 6: Dorla_Parsley (small blind) showed [6s Ts] and lost with a pair of Aces
Seat 7: Mariel_Daikon (big blind) showed [3s 8c] and won (2220) with two pair, Aces and Threes



PokerStars Hand #3661327504: Tournament #21391319, $20+$2 - Hold'em No Limit (300/600) - 2018/04/06 23:46:35
Table '#18' Seat #7 is the button
Seat 1: Justa_Guava (9,160 in chips)
Seat 2: Pamala_Tat Soi (11,970 in chips)
Seat 3: Hero (8,329 in chips)
Seat 4: Maisha_Lychee (10,000 in chips)
Seat 5: Amal_Thyme (20,198 in chips)
Seat 6: Ciara_Chives (36,641 in chips)
Seat 7: Laveta_Pumpkins (38,373 in chips)
Seat 8: Becki_Lychee (18,957 in chips)
Justa_Guava: posts the ante 60
Pamala_Tat Soi: posts the ante 60
Hero: posts the ante 60
Maisha_Lychee: posts the ante 60
Amal_Thyme: posts the ante 60
Ciara_Chives: posts the ante 60
Laveta_Pumpkins: posts the ante 60
Becki_Lychee: posts the ante 60
Becki_Lychee: posts small blind 300
Justa_Guava: posts big blind 600
*** HOLE CARDS ***
Dealt to Hero [3s 5s]
Pamala_Tat Soi: folds
Hero: folds
Maisha_Lychee: folds
Amal_Thyme: folds
Ciara_Chives: calls 600 
Laveta_Pumpkins: raises 3011 to 3011
Becki_Lychee: folds
Justa_Guava: folds
Ciara_Chives: folds
Uncalled bet (2411) returned to Laveta_Pumpkins
Laveta_Pumpkins: doesn't show hand
Laveta_Pumpkins collected 2580 from pot
*** SUMMARY ***
Total pot 2580 | Rake 0
Seat 1: Justa_Guava (big blind) mucked [Td 9s]
Seat 2: Pamala_Tat Soi mucked [Js Qd]
Seat 3: Hero mucked [3s 5s]
Seat 4: Maisha_Lychee mucked [2s Tc]
Seat 5: Amal_Thyme mucked [4d Ah]
Seat 6: Ciara_Chives mucked [7s Qs]
Seat 7: Laveta_Pumpkins (button) showed [Qh Jh] and won (2580)
Seat 8: Becki_Lychee (small blind) mucked [2c 5c]



PokerStars Hand #3661328383: Tournament #21391319, $20+$2 - Hold'em No Limit (300/600) - 2018/04/06 23:47:59
Table '#18' Seat #9 is the button
Seat 1: Joann_Honeydew (8,500 in chips)
Seat 2: Noe_Quinoa (11,910 in chips)
Seat 3: Hero (8,269 in chips)
Seat 4: Alisia_Jujube (9,940 in chips)
Seat 5: Ivey_Wasabi (20,138 in chips)
Seat 6: Tran_Melon (10,000 in chips)
Seat 7: Louis_Lavender (35,981 in chips)
Seat 8: Lynne_Rhubarb (40,293 in chips)
Seat 9: Malena_Olive (18,597 in chips)
Joann_Honeydew: posts the ante 60
Noe_Quinoa: posts the ante 60
Hero: posts the ante 60
Alisia_Jujube: posts the ante 60
Ivey_Wasabi: posts the ante 60
Tran_Melon: posts the ante 60
Louis_Lavender: posts the ante 60
Lynne_Rhubarb: posts the ante 60
Malena_Olive: posts the ante 60
Joann_Honeydew: posts small blind 300
Noe_Quinoa: posts big blind 600
*** HOLE CARDS ***
Dealt to Hero [Qh 9h]
Hero: bets 8209 and is all-in
Alisia_Jujube: folds
Ivey_Wasabi: folds
Tran_Melon: folds
Louis_Lavender: folds
Lynne_Rhubarb: calls 8209 
Malena_Olive: folds
Joann_Honeydew: folds
Noe_Quinoa: folds
*** FLOP *** [3s 2s Ah]
*** TURN *** [3s 2s Ah] [8s]
*** RIVER *** [3s 2s Ah 8s] [8d]
*** SHOW DOWN ***
Hero: shows [Qh 9h] (a pair of Eights)
Lynne_Rhubarb: shows [Ac Ad] (a full house, Aces full of Eights)
Lynne_Rhubarb collected 17858 from pot
Hero finished the tournament in 139th place
*** SUMMARY ***
Total pot 17858 | Rake 0
Board [3s 2s Ah 8s 8d]
Seat 1: Joann_Honeydew (small blind) mucked [Th 5h]
Seat 2: Noe_Quinoa (big blind) mucked [Kc 5s]
Seat 3: Hero showed [Qh 9h] and lost with a pair of Eights
Seat 4: Alisia_Jujube mucked [Tc Kh]
Seat 5: Ivey_Wasabi mucked [2d 7d]
Seat 6: Tran_Melon mucked [6s 3c]
Seat 7: Louis_Lavender mucked [Ks 9s]
Seat 8: Lynne_Rhubarb showed [Ac Ad] and won (17858) with a full house, Aces full of Eights
Seat 9: Malena_Olive (button) mucked [4h Qc]




